2998 4956
587 249 779 306 TERENTIA.
1225 251 1266 316 31

95 415 130 480 in
154 414 275 480 nostris
298 414 437 499 praediis
462 436 532 479 esse
555 415 699 499 possitis.
734 413 816 478 Mihi
838 414 935 499 plane
955 436 1021 479 non
1040 414 1119 480 satis
1138 418 1306 482 constat2

98 504 219 587 adhuc,
246 507 352 568 utrum
381 504 424 567 sit
450 503 580 568 melius:
608 525 666 568 vos
695 503 812 586 videte,
840 503 917 588 quid
945 499 1029 568 aliae
1056 503 1177 569 faciant
1203 504 1267 568 isto

97 593 172 658 loco
196 592 347 674 feminae,
375 595 408 655 et
430 614 485 677 ne,
513 614 587 657 cum
608 592 731 676 velitis,
760 593 846 658 exire
869 613 935 657 non
957 592 1064 657 liceat
1108 591 1147 656 Id
1170 591 1268 657 velim

98 681 272 767 diligenter
298 681 396 745 etiam
425 684 524 765 atque
551 680 649 746 etiam
677 681 843 746 uobiscum
871 686 905 745 ct
932 703 1005 745 cum
1028 681 1140 746 amicis
1163 682 1268 745 consi-

97 770 224 835 deretis.
261 767 384 834 Domus
408 773 445 833 ut
466 770 711 854 propugnacula
733 774 766 834 et
789 769 986 852 praesidium
1008 769 1137 854 habeat,
1157 769 1267 834 Philo·

97 858 180 922 timo
204 858 332 942 dicetis3
359 861 392 922 et
414 858 512 923 velim
535 859 722 923 tabellarios
745 859 925 923 instituatis
949 862 1068 936 certos,
1091 864 1128 923 ut
1151 858 1271 924 cotidie

98 946 224 1030 aliquas
248 969 268 1010 a
290 946 383 1012 vobis
406 947 534 1011 litteras
553 947 723 1031 accipiam3
748 948 888 1013 maxime
907 952 1016 1013 autem
1035 947 1109 1011 date
1128 969 1270 1032 operam,

95 1039 134 1099 ut
157 1035 308 1114 valeatis,
333 1037 360 1100 si
382 1058 443 1101 nos
467 1036 566 1101 vultis
590 1036 707 1101 ualere.
753 1055 801 1102 rx.
818 1035 890 1101 Kal.
908 1035 1056 1101 Formiis.

548 1283 725 1350 Emsruun
745 1283 818 1351 VII.

537 1404 831 1476 mmmm

279 1528 431 1584 TULLIUS
450 1529 659 1586 TERENTIAE
677 1529 771 1585 SUAE
791 1528 866 1584 SAL.
884 1529 1087 1586 PLURIMAM.

187 1654 307 1721 Omnes
335 1658 501 1722 molestias
529 1662 562 1722 et
589 1656 841 1739 sollicitudines,'
865 1657 984 1741 quibus
1013 1661 1046 1721 et
1073 1660 1106 1721 te
1130 1656 1303 1724 miseni-l

83 1765 186 1832 'mam
208 1745 324 1829 habui,
355 1746 388 1809 id
417 1746 502 1831 quod
530 1746 611 1811 mihi
638 1746 903 1811 molestissimum
932 1750 994 1831 est,
1022 1751 1054 1810 et
1082 1745 1271 1830 Tulliolam,

96 1853 180 1915 quae
212 1834 306 1898 nobis
338 1837 452 1898 nostra
482 1836 551 1899 vita
580 1833 704 1899 dulcior
732 1837 794 1918 est,
826 1833 961 1917 deposui
989 1838 1022 1898 et
1049 1835 1137 1900 eieci.
1186 1833 1271 1909 Quid

98 1942 217 1985 causae
242 1926 351 1985 autem
373 1921 482 2006 fuerit,
503 1923 661 2007 postridie
679 1922 835 2006 intellexi,
858 1943 955 2006 quam
974 1945 994 1986 a
1012 1924 1105 1988 vobis
1124 1924 1269 1988 discessi:

95 2009 204 2093 χολὴν
231 2010 376 2092 ἄκρατον
401 2015 501 2076 noctu
528 2011 618 2094 eieci3
647 2011 759 2075 statim
786 2011 834 2075 ita
861 2032 934 2074 sum
960 2011 1099 2090 leuatus,
1125 2016 1164 2075 ut
1189 2012 1272 2076 mihi

97 2100 179 2161 deus
208 2097 325 2182 aliquis
352 2099 545 2164 medicinam
571 2100 688 2164 fecisse
715 2099 873 2180 uideatur3
902 2100 954 2164 cui
981 2098 1111 2184 quidem
1137 2104 1175 2164 tu
1202 2099 1271 2181 deo,

99 2207 197 2271 quem
221 2187 261 2250 ad
285 2186 416 2252 modum
439 2188 533 2272 soles,
556 2189 608 2272 pie
632 2190 665 2253 ct
682 2192 769 2252 caste
789 2186 969 2252 satisfacies
991 2187 1038 2270 [id
1057 2192 1108 2253 est
1125 2188 1272 2274 Apollini

98 2279 133 2338 et
160 2275 379 2358 Aesculapio}
427 2275 553 2341 Nauem
586 2298 680 2362 spero
712 2298 772 2341 nos
803 2276 897 2341 valde
923 2278 1044 2341 bonam
1071 2277 1205 2361 habere3
1235 2277 1308 2343 in?

99 2385 173 2429 eam
202 2363 398 2448 simulatque
428 2366 611 2449 conscendi,
638 2365 718 2430 haec
746 2364 870 2449 scripsi.
915 2363 1039 2430 Deinde
1067 2367 1270 2431 conscribam

98 2453 141 2517 ad
165 2457 294 2518 nostros
317 2454 494 2518 familiares
518 2455 637 2519 multas
661 2454 827 2538 epistulas,
851 2453 968 2538 quibus
991 2458 1024 2518 te
1043 2459 1076 2519 et
1095 2455 1270 2521 Tulliolam

96 2545 247 2606 nostram
283 2541 530 2628 diligentissime
567 2542 810 2608 commendabo.
866 2540 1063 2609 Cohortarer
1099 2566 1170 2629 uos,
1207 2566 1270 2630 quo

136 2793 162 2843 2.
185 2788 237 2842 isto
261 2789 328 2857 loco]
347 2787 411 2841 Abl.
435 2788 525 2855 qual,
548 2788 658 2841 Vrauen
748 2793 772 2841 1.
799 2787 980 2842 miserrimam
1007 2788 1104 2858 hobae]
1141 2786 1207 2841 dich
1240 2804 1270 2842 so

96 2873 260 2913 voneurem
272 2857 561 2927 Standeunditange.
579 2858 656 2912 Fam.
711 2857 787 2938 ungl.
807 2859 947 2926 gemacht.
982 2857 1092 2912 Habere
1108 2856 1162 2911 mit
1180 2858 1272 2912 einem

98 2928 176 2984 XIV.
196 2935 230 2983 14
253 2932 318 2999 sagt
340 2948 370 2984 er
392 2931 475 2985 vestri
496 2931 597 2984 similes
619 2930 658 2995 fe·
712 2927 825 2997 AdJelrt.
845 2928 911 2983 oder
925 2927 1001 2982 Part.
1016 2928 1089 2984 Peri.
1104 2929 1180 2983 Pass.
1200 2927 1272 2998 (dtt.

97 3002 199 3055 minoe.
219 3031 253 3040 —
271 3001 347 3055 exire
373 3017 431 3054 aaa
457 2999 548 3072 liceat]
580 2997 657 3053 Fam.
712 2998 760 3052 VI.
779 3004 805 3052 2.
824 3004 853 3053 8:
881 3000 1018 3055 inciacum
1041 3000 1074 3054 ia
1096 3000 1176 3054 curia
1193 3016 1272 3055 aena·

98 3070 174 3127 XIV.
196 3076 236 3126 14.
258 3078 286 3125 1:
312 3073 394 3126 ctiam
411 3072 484 3127 ettad
501 3078 603 3139 macc,
624 3087 659 3124 ae
712 3076 770 3125 tam
791 3070 973 3141 habuerant),
1000 3088 1048 3125 um
1071 3070 1190 3125 Eintritt
1213 3071 1272 3125 und

97 3143 160 3197 iam
182 3144 413 3211 intercludamus,
434 3149 466 3198 at
487 3159 548 3198 cam
569 3143 659 3197 velitis
711 3139 806 3195 Dauer
819 3140 895 3195 eines
909 3144 985 3211 (vom
1000 3140 1136 3211 Subjekte
1151 3142 1272 3197 bewirk·

96 3214 189 3280 caira,
214 3229 272 3269 aea
299 3215 387 3270 liceat.
407 3244 441 3253 -
460 3214 576 3282 Domus]
601 3213 659 3267 Das
715 3215 774 3282 ten)
789 3212 942 3268 Zustandes
961 3232 995 3267 au
1009 3211 1188 3268 bezeichnen.
1211 3212 1272 3268 Att.

97 3283 179 3338 Hauc
194 3285 277 3339 sollte
291 3301 382 3354 gagen
396 3284 660 3355 einetwaigesEin-
714 3282 788 3340 XVL
809 3290 833 3339 1.
852 3289 882 3338 3:
910 3300 985 3339 mure
1008 3286 1139 3351 bifestum
1160 3285 1271 3340 babere:

99 3354 222 3425 dxingen
244 3356 434 3424 pldndernder
457 3355 590 3411 Soldatcn
613 3370 661 3425 ge·
715 3354 766 3408 das
801 3355 879 3410 Meer
913 3355 1045 3409 unsicher
1079 3356 1207 3411 macheu.
1236 3387 1272 3397 -

101 3424 211 3480 sichert
227 3427 349 3481 werden.
369 3458 402 3468 -
421 3427 465 3497 at]
484 3427 549 3483 weil
566 3428 662 3483 dicetis
715 3426 878 3480 medicinam
900 3425 1006 3497 fecisse]
1030 3424 1082 3480 Die
1106 3425 1161 3481 mit
1182 3428 1275 3494 facem

101 3497 194 3553 soviel
215 3495 256 3551 ist
278 3498 334 3552 als:
361 3497 414 3552 ihr
436 3499 565 3553 werdet
586 3497 662 3553 auf·
715 3495 848 3551 u.einsm
864 3495 1273 3553 VerbalsubstantivaurUm·

96 3571 234 3638 tragon.
254 3600 288 3608 -
306 3569 386 3639 Kal]
407 3584 444 3622 so.
464 3568 546 3624 Febr.
717 3566 885 3636 schreibung
912 3566 990 3622 eines
1017 3566 1156 3622 Verbums
1182 3566 1272 3638 gabil-

137 3640 228 3694 Errsr.
248 3639 308 3694 Vll.
341 3643 413 3708 (705.
433 3643 487 3709 49.)
524 3639 585 3694 Scit
603 3638 659 3692 An·
714 3637 977 3694 detenAusdriicka
994 3640 1043 3709 (an
1056 3655 1170 3693 unserer
1184 3636 1272 3691 Stella

98 3711 172 3778 fang
194 3709 318 3764 Februar
342 3711 421 3765 hatte
445 3709 503 3766 sich
528 3711 661 3765 Terentia
714 3708 869 3764 veranlalst
896 3708 984 3764 durch
1012 3710 1062 3763 das
1087 3708 1194 3763 llehlen
1223 3707 1272 3761 des

97 3780 157 3834 mit
176 3780 282 3849 Tullia,
301 3781 352 3836 der
368 3780 530 3850 Einladung
549 3779 659 3834 Ciceros
714 3780 971 3850 Pertvonmedera)
983 3779 1105 3847 gehoren
1116 3778 1275 3833 derVolks-

98 3851 228 3921 folgend‚
242 3852 326 3907 meist
338 3851 390 3906 auf
396 3851 461 3906 dem
471 3851 659 3918 Formianum,
714 3852 832 3920 sprache
843 3867 894 3918 an;
909 3869 927 3905 v
947 3850 1020 3907 LIV.
1031 3856 1056 3904 5.
1065 3856 1095 3904 3:
1108 3866 1142 3921 pr
1161 3851 1272 3904 talario-

99 3924 200 3993 sp'ater
232 3924 283 3976 auf
307 3923 370 3977 dem
398 3924 471 3978 Gutc
497 3922 544 3977 bei
573 3922 661 3976 Ourna
714 3937 775 3975 aem
792 3921 890 3985 facere.
923 3869 980 3977 lias
999 3920 1096 3975 Passis
1115 3866 1226 3975 llam
1244 3939 1271 3974 u

99 3993 300 4064 ausgehalten‚
323 4010 367 4048 wo
387 3992 482 4049 Cicero
500 4009 551 4048 vor
570 3991 661 4047 seiner
714 3991 762 4047 ΙΙΙ.
782 3996 825 4045 22.
846 3998 870 4046 1.
890 4022 924 4031 -
941 3990 1108 4062 satisfacies]
1129 3991 1168 4045 im
1187 3990 1276 4046 Smne

97 4064 220 4120 Abreise
239 4066 313 4120 nach
332 4063 538 4120 Griechenland
556 4064 597 4119 sie
616 4082 661 4117 au·
715 4080 771 4118 von
789 4065 897 4133 cratiae
920 4079 1007 4133 apere.
1040 4062 1108 4117 Dals
1127 4064 1189 4118 Ter.
1209 4064 1272 4118 eine

99 4135 173 4190 letzt
191 4137 249 4191 sah.
282 4134 337 4190 Am
356 4142 380 4191 7.
394 4134 461 4190 Juni
479 4135 543 4189 fuhr
561 4152 592 4190 er
609 4133 662 4189 mit
715 4133 833 4189 fromme
847 4133 1013 4188 Verehrerin
1028 4133 1077 4187 der
1091 4134 1190 4190 Gotter
1203 4153 1273 4203 war,

100 4205 210 4262 seinem
243 4206 337 4262 Sohne
371 4224 427 4262 von
460 4204 558 4276 Cajcta
588 4207 661 4260 nach
715 4207 781 4275 sagt
794 4204 850 4260 Cic.
870 4205 942 4260 oben
955 4203 976 4260 Ι.
992 4210 1017 4259 1.
1033 4211 1062 4259 1:
1079 4207 1211 4275 quoniam
1225 4223 1271 4262 aa·

102 4277 311 4334 Griechenland
325 4278 361 4333 ab
375 4277 432 4332 und
447 4277 556 4333 schrieb
566 4277 661 4331 diesen
714 4293 765 4346 pac
783 4278 814 4332 di
830 4282 879 4332 etc.

100 4348 183 4403 Brief
198 4368 245 4405 am
262 4349 336 4405 Bord
356 4349 405 4404 des
420 4348 544 4418 Schiffes¹
563 4349 614 4404 das
632 4364 662 4402 er
750 4353 775 4404 2.
812 4364 890 4417 spero
921 4363 970 4404 acc
1005 4347 1115 4419 tubere]
1152 4347 1272 4404 Warum

100 4418 194 4476 krank
212 4420 359 4490 bestiegen
376 4420 465 4475 hatte.
715 4417 766 4473 Inf.
803 4419 911 4476 Prusa?
952 4419 1009 4490 vgl.
1046 4418 1115 4489 sogl.
1148 4435 1208 4476 esse.
1236 4447 1272 4460 -
