2998 4956
614 311 757 367 suumn
1229 311 1271 375 41

95 475 188 539 tione
218 497 237 539 a
264 477 298 537 te
326 474 479 538 collectae
506 474 663 540 vetabant
688 495 739 538 me
762 473 800 537 de
824 495 859 537 re
882 474 1013 557 publica
1036 474 1165 557 penitus
1189 475 1274 539 diffi-

96 564 183 627 dere.
229 561 344 647 Itaque
373 564 512 627 alterum
533 565 646 627 minus
674 564 807 645 mirum,
834 563 1000 627 fortiorem
1029 567 1062 626 te
1086 583 1172 642 esse,
1199 584 1274 628 cum

96 651 222 735 aliquid
247 673 364 733 speres,
390 651 528 715 alterum
553 651 680 734 mirum,
703 672 760 736 spe
783 651 852 715 ulla
870 652 981 715 teneri.
1014 650 1096 727 Quid
1116 657 1167 715 est
1185 653 1274 716 enim

97 761 166 804 non
181 741 228 803 ita
242 739 415 823 adfectum,
434 743 471 803 ut
484 740 517 804 id
531 762 598 805 non
612 740 755 804 deletum
771 738 1027 824 exstinctumque
1042 762 1113 804 esse
1127 739 1273 804 fateare?

98 827 319 910 Circumspice
343 828 453 892 omnia
476 828 621 893 membra
643 829 691 892 rei
713 827 873 910 publicae,
897 850 979 912 quac
1002 829 1174 893 notissima
1197 833 1274 893 sunt

97 917 175 981 tihi:
198 916 325 980 nullum
347 917 486 1000 reperies
505 916 660 1000 profecto,
683 915 769 1001 quod
788 938 852 980 non
870 916 1009 981 fractum
1028 915 1273 981 debilitatumve

99 1007 157 1088 sit3
192 1027 273 1089 quae
305 1026 529 1089 persequerer,
562 1005 590 1070 si
623 1008 680 1069 aut
707 1005 822 1069 melius
851 1026 889 1068 ea
919 1004 1075 1086 viderem,
1108 1027 1204 1090 quam
1236 1011 1274 1070 tu

98 1093 205 1176 vides,
231 1095 288 1157 aut
311 1114 564 1157 commemorare
588 1114 719 1177 possem
743 1094 812 1157 sine
836 1093 960 1158 dolore:
988 1113 1183 1178 quamquam
1206 1095 1273 1159 tuis

97 1182 233 1246 monitis
265 1182 509 1266 praeceptisque
542 1182 648 1246 omnis
677 1186 727 1246 est
756 1181 942 1246 abiciendus
973 1182 1072 1246 dolor.
1122 1181 1213 1266 Ergo
1241 1185 1310 1249 et4

98 1271 280 1335 domestica
307 1270 462 1354 feremus,
489 1273 527 1334 ut
550 1291 675 1350 censes,
704 1276 737 1335 et
760 1270 891 1353 publica
913 1272 1011 1353 paulo
1035 1271 1132 1334 etiam
1155 1271 1273 1336 fortius

97 1358 240 1423 fortasse
264 1380 360 1443 quam
383 1363 420 1423 tu
443 1360 523 1442 ipse,
546 1359 601 1442 qui
620 1359 796 1443 praecipis,
818 1362 852 1424 te
871 1359 957 1423 eninr
976 1358 1086 1443 aliqua
1104 1381 1179 1443 spes
1198 1381 1273 1425 con-

99 1448 234 1529 solatur,
258 1451 295 1510 ut
318 1447 443 1531 scribis,
465 1469 526 1512 nos
550 1450 670 1512 erimus
693 1448 792 1512 etiam
815 1448 850 1511 in
873 1448 1019 1512 omnium
1037 1470 1145 1512 rerum
1164 1448 1275 1533 despe-

98 1537 228 1601 ratione
251 1535 362 1619 fortes,
385 1541 423 1600 ut
445 1539 482 1600 tu
506 1540 616 1601 tamen
639 1536 724 1600 idem
748 1541 781 1600 et
803 1536 946 1600 hortaris
966 1541 999 1600 et
1016 1537 1191 1620 praecipis3
1216 1538 1273 1602 das

98 1626 188 1689 enim
212 1624 292 1688 mihi
314 1624 470 1689 iucundas
493 1625 736 1691 recordationes
760 1625 977 1689 conscientiae
999 1629 1130 1690 nostrae
1153 1647 1274 1690 rerum·

98 1736 163 1798 que
187 1735 308 1796 earum,
331 1736 412 1797 quas
435 1718 469 1777 te
492 1715 527 1778 in
548 1713 662 1798 primis
686 1717 817 1778 auctore
841 1714 1011 1799 gessimus.
1047 1712 1274 1779 Praestitimus

98 1803 189 1866 enim
217 1803 344 1885 patriae
369 1823 436 1866 non
460 1803 567 1866 minus
590 1808 677 1867 certe
700 1824 798 1886 quam
822 1802 1005 1887 debuimus,
1032 1803 1105 1886 plus
1128 1802 1274 1886 profecto

99 1913 200 1975 quam
215 1894 265 1955 est
279 1891 319 1954 ab
340 1891 448 1955 animo
468 1891 656 1975 cuiusquam
671 1896 728 1955 aut
746 1890 882 1955 consilio
901 1889 1044 1954 hominis
1062 1891 1273 1974 postulatum.

189 1978 344 2065 ignosces
376 1980 457 2043 mihi
489 1981 528 2044 de
557 2001 608 2043 me
636 1981 709 2063 ipso
740 1978 861 2064 aliquid
889 1979 1104 2062 praedicanti,
1138 1984 1311 2064 quarumh

100 2069 188 2132 enim
225 2074 261 2131 tu
293 2089 400 2131 rerum
433 2069 630 2153 cogitatione
663 2089 723 2133 nos
756 2067 863 2132 levare
898 2066 1099 2151 aegritudine
1130 2068 1274 2150 voluisti,

99 2178 213 2221 earum
246 2157 344 2220 etiam
379 2157 686 2222 commemoratione
717 2157 864 2220 lenimur,
918 2154 1048 2240 Itaque,
1085 2159 1121 2220 ut
1153 2178 1276 2239 mones,

99 2248 259 2329 quantum
291 2247 406 2327 potero
434 2267 486 2309 me
514 2246 555 2310 ab
584 2245 735 2310 omnibus
763 2244 923 2309 molestiis
951 2248 984 2309 et
1012 2245 1190 2329 angoribus
1218 2245 1275 2310 ab·

99 2334 216 2398 ducam
249 2335 509 2418 transferamque
541 2334 685 2398 animum
719 2333 761 2397 ad
793 2355 844 2410 ea,
881 2334 999 2417 quibus
1031 2334 1190 2398 secundae
1222 2356 1274 2398 res

98 2426 266 2504 ornantur,
289 2422 445 2487 adversae
464 2422 670 2506 adiuvantur,
695 2425 865 2506 tecumque
889 2426 922 2485 et
946 2443 1000 2486 ero
1019 2425 1157 2506 tantum,
1177 2440 1276 2508 quun·
1340 2464 1342 2469 -

96 2514 171 2576 tum
202 2512 345 2594 patietur
376 2511 545 2596 utriusque
577 2518 668 2576 aetas
701 2516 733 2575 et
765 2510 929 2594 valetudo,
966 2516 1013 2594 et,
1049 2512 1077 2575 si
1109 2533 1179 2575 esse
1210 2533 1277 2576 una

100 2702 172 2756 ‘und
192 2701 238 2755 die
257 2699 348 2755 daron
368 2703 434 2769 (den
448 2718 528 2757 casas
540 2703 588 2772 pl.)
603 2704 663 2757 ent
718 2690 872 2756 ilhnliches
897 2701 994 2757 dentet
1017 2719 1047 2756 er
1065 2701 1094 2756 in
1114 2701 1205 2756 einem
1225 2719 1275 2756 an-

98 2789 268 2828 nommenen
281 2773 353 2827 sim)
371 2772 451 2827 oder:
468 2772 526 2827 ‘die
540 2791 595 2827 von
608 2771 662 2827 den
718 2772 803 2825 deren
821 2772 914 2827 Briefe
933 2791 969 2827 an
982 2773 1014 2826 L.
1030 2790 1074 2826 an.
1090 2803 1122 2813 -
1139 2774 1275 2844 profecto]

97 2860 154 2899 eus.
183 2844 220 2913 pl.
249 2846 466 2898 entnommenen
491 2845 578 2909 eim'3
612 2843 663 2898 das
717 2843 796 2898 stellt
820 2842 867 2897 die
891 2843 1078 2912 Behauptung
1105 2844 1158 2898 mit
1182 2846 1274 2898 Nach-

99 2914 313 2969 Demonstrativ
327 2917 383 2968 hat
401 2913 461 2969 sich
481 2915 568 2968 durch
586 2914 663 2968 Assi·
717 2913 806 2967 dmolr
825 2912 866 2966 als
879 2914 1057 2982 perstnliche
1072 2900 1276 2983 liberaeugung

98 2984 231 3040 milation
272 3001 308 3039 sn
344 2985 395 3039 das
431 2986 662 3055 vorhergehende
716 2984 779 3052 hin,
809 2984 863 3038 wie
891 2983 930 3036 im
961 2983 1116 3038 deutschen
1143 2984 1275 3055 ‘gewifs'‚

99 3055 266 3111 Substantiv
300 3055 449 3111 attributis
484 3054 662 3126 angeschlos·
718 3053 1136 3123 ‘sicherlich’,‘jedenfalls’.-
1150 3057 1275 3111 animo..

98 3144 158 3182 sen.
200 3127 239 3180 Es
267 3127 388 3193 scheiut,
415 3127 551 3196 Luccejus
573 3126 662 3196 hatte,
716 3126 847 3198 hominis]
873 3126 1198 3194 Zusammengehorende
1221 3126 1274 3181 Be·

97 3216 165 3264 um¹
186 3197 281 3251 seinen
313 3198 423 3252 Frennd
461 3197 662 3265 aufzurichten,
716 3195 797 3266 griffo
822 3198 936 3251 werden
966 3197 1008 3251 oft
1034 3198 1084 3251 des
1112 3198 1275 3269 Rhythmus

98 3269 151 3324 auf
186 3266 232 3322 die
264 3268 563 3338 Gladiatorenkampfe
600 3285 663 3322 ver·
717 3284 827 3337 weges,
840 3268 908 3322 oder
922 3286 970 3321 um
985 3268 1025 3322 sie
1040 3268 1276 3338 hervorzuheben‚

99 3340 217 3407 wiesen,
240 3338 271 3392 in
294 3337 384 3393 denen
410 3339 452 3395 oft
470 3339 515 3394 ein
534 3340 662 3406 Pechter,
717 3340 804 3393 durch
828 3340 914 3393 ihnen
940 3339 1203 3408 gemeinschaftlich
1228 3357 1277 3394 sn·

99 3412 151 3464 der
166 3411 254 3465 sehon
267 3426 339 3478 ganz
353 3412 543 3464 ilberwunden
557 3429 590 3464 zu
602 3411 663 3464 sein
716 3410 877 3479 gehersnde
901 3410 1015 3463 Wdrter
1039 3414 1178 3480 getreunt.
1219 3411 1276 3466 Das

99 3481 212 3549 schien,
240 3482 300 3534 sich
323 3480 429 3536 wieder
451 3480 581 3563 aufraffte
604 3481 662 3535 und
716 3481 880 3563 regierende
891 3480 973 3534 Wort
982 3482 1060 3536 steht
1073 3483 1212 3536 zwischsn
1222 3482 1277 3535 den

99 3551 486 3679 thetmtttttltsu
507 3554 664 3694 tettae
716 3552 983 3690 restituisti
999 3551 1049 3677 tt
1062 3559 1278 3693 tuerent

100 3711 139 3747 sc.
163 3710 205 3748 me
226 3695 295 3762 ipso.
315 3724 348 3733 -
366 3710 413 3763 epe
431 3694 503 3766 atla]
527 3710 587 3763 apes
604 3696 664 3747 allo
717 3692 924 3762 eingeschoben
938 3694 973 3747 de
988 3692 1033 3747 off.
1050 3700 1074 3748 1.
1090 3701 1115 3748 ὁ.
1128 3701 1174 3749 17:
1192 3694 1276 3747 socie-

99 3764 152 3818 ist:
172 3768 256 3818 auch
272 3782 332 3818 nur
346 3766 421 3820 eine
435 3764 587 3834 Hoffnung,
604 3780 664 3833 spes
717 3770 761 3819 tos
777 3765 918 3819 homiuum
936 3766 1149 3833 coniunctioque.

99 3835 197 3904 aliqua
223 3836 249 3904 (ξ
269 3841 300 3901 4,
327 3835 381 3888 wie
408 3835 524 3890 soeben:
555 3836 664 3905 aliquid
753 3839 779 3889 5.
804 3852 923 3905 quoram
938 3876 944 3887 .
959 3875 966 3888 .
982 3836 1111 3906 lenimur]
1137 3835 1193 3887 Der
1208 3832 1277 3887 Sina

100 3905 505 4045 {figitfnflftlgfittdf
518 3904 664 4045 {tutte
716 3904 1276 4044 tlttlllttsttrutttttdt

101 4047 135 4104 IL
155 4053 197 4101 17.
220 4052 243 4100 1.
263 4077 297 4086 -
316 4016 380 4101 tuis²
395 4049 519 4102 monitis:
542 4048 664 4101 welcher
717 4063 754 4099 an
777 4044 824 4098 die
846 4044 894 4099 ich
912 4046 985 4098 nach
1003 4045 1114 4099 deinem
1133 4017 1276 4100 Wnnsehd

100 4118 183 4172 Abi?
718 4131 752 4168 zu
774 4113 882 4167 meiner
903 4114 1120 4184 Erleiohterung
1144 4117 1277 4169 denken

140 4193 165 4241 4.
186 4188 316 4258 publica]
333 4187 391 4241 ‘die
408 4186 580 4256 politischen
594 4185 662 4238 Ver·
717 4183 778 4237 soll.
803 4214 837 4224 -
870 4185 907 4237 ud
932 4199 978 4252 ea,
1005 4186 1105 4252 quibus
1131 4186 1192 4256 eta]
1223 4185 1276 4239 Pro

101 4258 259 4311 h'altnisse'.
270 4287 305 4297 -
319 4258 451 4326 hortaris]
466 4254 527 4309 dsfs
545 4271 576 4308 er
590 4255 663 4308 auch
717 4253 822 4307 Archia
833 4259 877 4306 16:
888 4255 1054 4309 hmcstadia
1064 4256 1277 4310 adulesmmiom

103 4329 296 4383 inornatam
309 4327 663 4393 reramdesperutioae
717 4324 810 4391 alunt,
833 4330 992 4379 senectutem
1010 4326 1158 4393 oblectant,
1182 4343 1277 4381 secan·

105 4400 183 4464 fortia
207 4398 267 4452 sein
293 4397 377 4452 sollte
401 4397 441 4452 im
460 4394 594 4449 Hinbliclr
613 4393 666 4449 auf
716 4395 768 4449 dus
785 4411 828 4449 res
845 4400 961 4462 ornant,
980 4397 1101 4451 aduersis
1116 4398 1277 4466 perfugium

105 4469 179 4524 seine
209 4469 449 4538 Vergangenhsit.
475 4497 509 4509 -
540 4465 662 4537 auctore]
716 4482 750 4521 ac
767 4467 900 4520 solacium
914 4468 1054 4537 praebeat.
1076 4498 1110 4508 -
1136 4467 1275 4537 ualetudo]
