2998 4956
192 298 236 362 52
618 294 686 352 LIB.
704 294 726 349 1.
762 293 876 349 EPIST.
896 301 938 350 18.

160 462 179 527 ἵ
284 458 327 525 Π.
353 495 391 506 -
413 458 479 523 »Ae
501 458 587 522 enim
610 458 696 522 inter
718 456 779 522 hos
803 457 893 540 ipsos
917 456 1078 521 exsistunt
1101 477 1215 541 graves
1240 463 1371 525 contro·
1487 466 1488 539 i

196 548 335 631 versiae,
362 547 485 612 multae
508 552 685 612 nascuntur
707 545 859 628 iniuriae,
885 565 1023 629 magnae
1047 548 1271 613 contentiones
1295 569 1370 613 oon·
1487 552 1488 555 ’

198 640 403 721 sequuntur«
425 671 470 683 -
493 634 594 710 Quasi
622 656 698 700 uero
727 655 787 719 ego
810 634 844 698 id
866 638 992 718 putem,
1019 655 1085 699 non
1108 639 1141 699 te
1165 636 1371 722 aliquantum

197 726 322 811 negotii
359 725 528 789 sustinere.
581 723 742 807 Intellego
777 744 991 807 permagnum
1029 744 1098 789 esse
1135 725 1304 808 negotium
1338 730 1371 790 et

196 813 331 878 maximi
358 813 500 897 consilii,
528 812 584 878 sed
609 815 772 876 memento
796 811 925 877 consilii
947 833 999 875 me
1020 811 1084 877 hoc
1105 814 1275 896 negotium
1299 835 1370 880 esse

197 903 304 987 magis
328 903 495 986 aliquanto
519 923 616 986 quam
638 901 789 965 fortunae
812 905 937 984 putare.
968 900 1052 976 Quid
1071 904 1122 965 est
1140 903 1226 966 enim
1244 903 1372 988 negotii

198 991 366 1057 continere
388 1013 458 1074 eos,
485 991 602 1074 quibus
625 990 764 1074 praesis,
787 989 815 1053 si
837 993 871 1054 te
894 990 964 1072 ipse
988 989 1177 1054 contineas?
1204 991 1237 1055 id
1260 996 1371 1056 autem

199 1081 243 1145 sit
265 1100 420 1164 magnum
444 1087 476 1143 et
500 1078 629 1144 difficile
652 1078 782 1162 ceteris,
805 1077 890 1142 siout
913 1081 964 1142 est
986 1078 1229 1143 difficillimum:
1252 1079 1314 1144 tibi
1338 1084 1373 1146 et

197 1167 262 1233 fuit
288 1167 351 1233 hoc
374 1189 501 1250 semper
522 1167 716 1232 facillimum
740 1169 774 1231 et
795 1188 871 1232 vero
895 1187 965 1231 esse
988 1166 1111 1251 debuit3
1139 1168 1229 1232 cuius
1253 1172 1372 1234 natura

198 1258 276 1322 talis
295 1262 355 1341 est,
371 1260 409 1321 ut
427 1257 525 1320 etiam
540 1257 609 1321 sine
623 1255 772 1320 doctrina
785 1254 933 1320 videatur
946 1255 1113 1320 moderata
1127 1278 1198 1321 esse
1211 1257 1371 1342 potuisse;

201 1368 239 1411 ea
258 1350 365 1410 autem
384 1345 531 1410 adhibita
550 1345 698 1410 doctrina
717 1348 775 1428 est,
795 1366 875 1429 quae
894 1344 945 1408 vel
959 1343 1205 1409 vitiosissimam
1217 1350 1372 1411 naturam

201 1435 346 1500 excolere
370 1434 484 1518 possit.
529 1433 578 1498 Tu
602 1455 674 1498 cum
697 1433 863 1516 pecuniae,
892 1454 965 1497 curn
989 1434 1180 1518 voluptatis,
1208 1455 1280 1498 cum
1305 1458 1372 1500 om·

175 1534 179 1541 “
200 1524 291 1589 nium
315 1545 423 1587 rerum
442 1521 613 1606 cupiditati
632 1521 773 1607 resistes,
795 1526 833 1586 ut
850 1522 941 1605 facis,
964 1521 1035 1604 erit,
1058 1521 1163 1608 credo,
1185 1524 1375 1606 periculum,

200 1634 243 1677 ne
283 1612 466 1696 improbum
502 1611 755 1697 negotiatorem,
795 1611 894 1693 paulo
931 1609 1128 1694 cupidiorem
1164 1612 1375 1694 publicanum

202 1702 413 1784 comprimere
438 1721 506 1765 non
527 1699 649 1783 possis!
677 1721 755 1788 nam
778 1697 895 1764 Graeci
918 1698 1047 1782 quidem
1072 1700 1118 1764 sic
1141 1703 1174 1765 te
1197 1700 1245 1764 ita
1268 1701 1376 1766 vivon-

201 1793 269 1854 tem
291 1790 512 1871 intuebuntur,
535 1793 572 1853 ut
595 1787 755 1872 quendam
778 1810 817 1852 ex
836 1787 1005 1853 annalium
1024 1790 1182 1854 memoria
1200 1794 1258 1854 aut
1276 1790 1377 1855 etiam

202 1878 241 1943 de
260 1879 349 1943 caelo
369 1878 515 1942 divinum
533 1877 699 1942 hominem
720 1898 791 1942 esse
804 1877 839 1941 in
853 1877 1053 1960 provinciam
1068 1876 1235 1961 delapsum
1248 1882 1375 1962 putent.

166 1969 187 2034 8
290 1967 400 2051 Atque
426 1966 507 2031 haec
534 1987 621 2031 nunc
648 1987 716 2030 non
743 1972 779 2030 ut
805 1965 920 2050 facias,
948 1965 1005 2029 sed
1033 1970 1071 2030 ut
1097 1970 1131 2030 te
1155 1971 1185 2031 et
1211 1967 1319 2032 facere
1343 1971 1377 2033 et

202 2053 317 2120 iecisse
341 2053 492 2140 gaudeas,
515 2055 631 2120 scribo.
663 2053 869 2120 Praeclarum
893 2059 943 2119 est
967 2054 1055 2118 enim
1078 2076 1205 2120 summo
1223 2078 1297 2120 cum
1315 2056 1377 2121 im·

201 2145 292 2227 perio
314 2144 416 2209 fuisse
439 2143 475 2207 in
493 2143 575 2207 Asia
597 2143 773 2208 triennium
793 2143 849 2226 sio,
871 2148 907 2208 ut
925 2142 1053 2208 nullum
1072 2146 1105 2207 te
1124 2143 1264 2229 signum,
1286 2145 1379 2210 nulla

201 2233 343 2317 pictura,
374 2233 499 2297 nullum
526 2253 600 2314 vas,
631 2232 721 2296 nulla
749 2233 861 2314 vestis,
891 2232 1017 2296 nullum
1044 2233 1258 2315 mancipium,
1285 2234 1379 2298 nulla

201 2320 309 2386 forma
332 2322 532 2405 cuiusquam,
555 2320 645 2384 nulla
668 2320 815 2386 condicio
833 2320 998 2403 pecuniae,
1021 2320 1139 2404 quibus
1158 2322 1256 2386 rebus
1275 2323 1378 2387 abun·

202 2409 259 2474 dat
285 2410 350 2474 ista
376 2408 558 2493 provincia,
590 2408 631 2472 ab
660 2429 787 2475 summa
815 2408 1005 2493 integritate
1033 2409 1295 2494 continentiaque
1323 2411 1380 2476 de-

165 2497 335 2563 eduxerit.
368 2497 452 2574 Quid
472 2500 582 2561 autem
600 2497 736 2581 reperiri
754 2501 822 2563 tam
841 2498 994 2562 eximium
1009 2500 1066 2562 aut
1079 2503 1147 2562 tam
1163 2500 1379 2582 expetendum
1486 2544 1487 2549 κ

235 2759 270 2815 ΙΙ.
291 2759 383 2817 Gioero
401 2761 526 2815 ermaltnt
543 2761 636 2815 aetum
650 2761 764 2815 Brudar
816 2758 885 2814 tend
894 2759 996 2816 mehr'.
1015 2760 1199 2830 Aliquantum
1208 2761 1279 2831 liegt
1288 2761 1382 2817 seiner

200 2846 251 2888 aur
269 2831 541 2903 Uaeipeamttziplceit
558 2833 618 2886 und
631 2832 762 2886 Encheli-
817 2830 983 2900 Bedeutung
1005 2833 1077 2885 nach
1096 2832 1126 2885 in
1145 2833 1195 2886 der
1214 2833 1296 2887 Mitte
1315 2832 1381 2886 awi-

200 2903 312 2959 somleeit
329 2904 485 2973 (intepritoa
498 2904 558 2957 und
573 2904 762 2969 coutinentia).
818 2901 904 2955 schen
930 2903 1018 2973 weaip
1043 2902 1100 2956 und
1123 2904 1176 2957 ciel
1199 2904 1256 2957 und
1278 2905 1383 2959 n'ahert

239 2979 264 3027 ’1.
279 2974 319 3028 At
332 2975 404 3028 enim
419 2973 457 3044 ..]
475 2971 568 3028 Durch
583 2975 655 3028 caim
670 2977 765 3044 (unser
819 2971 879 3026 sich
894 2972 925 3041 je
943 2976 1016 3026 nach
1036 2973 1100 3026 dem
1118 2974 1381 3045 Zusammenhange

204 3044 269 3114 ‘ja’)
280 3044 351 3097 wird
361 3045 411 3098 der
418 3043 545 3098 Einwurf
553 3043 595 3096 als
605 3043 765 3112 bereehtigt
817 3042 886 3096 bald
909 3044 974 3097 dem
998 3042 1079 3097 einen
1097 3046 1165 3099 hald
1183 3045 1247 3098 dem
1265 3046 1382 3101 andern.

202 3113 375 3168 bezeichnet.
395 3112 593 3182 Die-Stellung
607 3113 657 3168 der
671 3114 765 3168 Verba
820 3145 852 3153 -
879 3118 905 3167 te
935 3114 1005 3185 ipae]
1038 3116 1094 3169 Der
1126 3115 1282 3184 Gegensatz
1314 3116 1386 3171 lasse

203 3186 340 3240 cacatum
353 3184 623 3253 undeoaeequuatar
632 3184 768 3254 giebtein
820 3186 912 3254 ipsum
934 3187 1084 3254 erwarten,
1108 3186 1194 3241 allein
1212 3185 1310 3242 Cicero
1333 3188 1386 3242 be-

203 3254 328 3323 Beispiel
359 3253 405 3308 fiir
436 3254 492 3308 den
525 3254 684 3323 Chiasmus,
718 3255 768 3309 der
822 3256 898 3310 nieht
916 3255 967 3308 das
982 3255 1110 3311 Pronom.
1130 3257 1230 3313 immer
1247 3273 1318 3327 gern
1334 3258 1389 3314 auf

208 3324 271 3379 hier
292 3325 366 3380 noch
391 3323 480 3378 durch
501 3324 546 3378 ein
566 3324 666 3380 drittes
687 3325 768 3381 (iliad
822 3327 872 3381 das
896 3326 1022 3396 Subjeht.
1041 3359 1077 3368 —
1094 3329 1154 3383 ciue
1176 3329 1274 3400 doctu]
1303 3327 1387 3385 Auoh

202 3395 361 3451 vermittelt
385 3396 470 3464 wird,
494 3396 524 3450 in
551 3396 688 3452 walchem
717 3398 768 3453 das
822 3399 895 3452 ohne
909 3398 1033 3468 Bildung
1050 3401 1152 3454 wtrest
1171 3400 1209 3453 du
1222 3417 1278 3455 von
1293 3400 1387 3456 Natur

202 3467 327 3522 Verbum
350 3484 398 3521 um
413 3466 476 3520 eine
496 3466 584 3522 Stella
602 3469 700 3524 weiter
717 3486 769 3537 ge·
822 3468 963 3524 imatande
982 3486 1119 3539 genesen,
1137 3470 1210 3525 Mass
1228 3490 1262 3525 zu
1276 3471 1387 3527 halten.

202 3538 286 3592 rdokt
316 3538 368 3604 ist,
395 3537 529 3592 wthrend
555 3539 605 3593 das
633 3538 769 3610 Adjektiv
824 3541 942 3608 -erit,
964 3541 1104 3612 medop]
1128 3541 1184 3596 Der
1206 3557 1294 3611 ganza
1319 3542 1387 3599 Sata

203 3610 281 3664 aeine
313 3608 401 3665 Stella
433 3608 531 3664 behtlt
557 3612 594 3679 (a.
623 3612 650 3666 b.
677 3627 699 3666 c.
734 3642 768 3651 -
822 3609 862 3666 ist
874 3610 1006 3666 ironisch.
1026 3612 1065 3665 Zu
1078 3613 1157 3668 credo
1171 3615 1228 3681 vgl.
1238 3631 1260 3670 a.
1272 3613 1293 3667 1.
1306 3620 1349 3668 12.
1361 3619 1388 3670 3.

203 3682 231 3736 b.
255 3698 279 3736 a.
304 3697 327 3736 o.
354 3712 391 3721 -
424 3679 453 3735 b.
477 3696 500 3734 o.
524 3682 569 3750 a).
616 3681 680 3751 Vgl.
706 3680 768 3736 Liv.
822 3712 856 3721 -
877 3682 1023 3753 wadum]
1047 3682 1129 3738 einen
1147 3684 1293 3754 Aristides,
1311 3685 1389 3755 Epa·

202 3751 224 3806 I.
254 3756 296 3807 28.
311 3752 350 3821 [ὃς
385 3752 503 3808 Mettius
533 3753 581 3807 ille
607 3759 646 3808 eat
672 3754 769 3809 ductor
822 3752 970 3808 minondas
987 3772 1014 3810 u.
1029 3771 1053 3809 a.

203 3823 314 3879 itiucrta
345 3823 444 3892 tutae,
475 3822 592 3878 Mettius
623 3825 695 3879 idem
718 3826 768 3880 hu·
858 3830 883 3879 8.
902 3826 935 3879 in
948 3824 1032 3895 Asia]
1051 3824 1111 3880 Liv.
1124 3824 1249 3881 XXXIV.
1264 3833 1295 3881 4:
1313 3827 1390 3883 Acin

203 3895 250 3949 ius
273 3896 446 3949 arachiuotor
464 3895 541 3963 belli,
571 3895 689 3951 Mettius
713 3896 768 3962 foe·
822 3896 948 3951 omnibus
961 3896 1109 3950 libidinum
1122 3898 1256 3953 illecebris
1269 3899 1389 3969 repleto3

206 3965 281 4020 deria
298 3965 421 4021 Romani
437 3965 595 4035 Albanique
612 3972 718 4036 ruptor.
732 3998 768 4007 —
822 3966 880 4035 vgl.
901 3966 958 4022 Cic.
990 3967 1025 4021 de
1052 3966 1120 4036 imp.
1149 3965 1197 4023 On.
1215 3969 1315 4039 Pomp.
1335 3975 1388 4038 663

208 4036 376 4106 Quartana
398 4035 480 4090 leitet
498 4036 544 4091 die
562 4035 768 4107 Widerlegung
821 4036 909 4092 daher
936 4039 1024 4091 unten
1052 4043 1067 4103 ξ
1092 4043 1124 4092 le
1152 4054 1222 4094 corr.
1248 4056 1326 4108 proc.
1354 4071 1389 4081 -

207 4107 257 4162 des
284 4106 424 4162 Einwurfs
452 4107 511 4174 ein,
539 4108 634 4162 indem
661 4109 768 4163 diesem
821 4109 930 4163 culhem
955 4125 1020 4177 cas,
1046 4109 1127 4164 nullo
1153 4110 1192 4182 u]
1226 4110 1278 4165 Die
1309 4110 1389 4166 allit·
1485 4158 1486 4189 ,

207 4177 268 4233 eine
307 4179 489 4248 Vorstellung
525 4179 768 4248 untergesohoben
821 4178 980 4234 terierende
1013 4179 1197 4250 Verbindung
1226 4198 1275 4237 oua
1304 4183 1390 4238 cestio
1485 4194 1486 4209 ¹

206 4246 291 4315 wird,
333 4249 419 4303 deren
454 4249 675 4306 Unhaltbarkeit
711 4251 768 4305 ein-
823 4250 933 4306 scheint
969 4249 1154 4320 sprichwtrtl.
1188 4268 1317 4321 genesen
1351 4271 1389 4308 au

207 4317 342 4372 leuchtet.
372 4320 429 4374 Der
446 4319 590 4374 Eindruek
609 4322 659 4376 der
676 4319 769 4376 Ironie
823 4321 890 4377 sein.
928 4321 992 4391 Vgl.
1016 4324 1090 4376 auch
1109 4322 1177 4376 Sall.
1198 4323 1257 4378 Cat.
1278 4329 1320 4379 51.
1342 4330 1389 4381 33.

208 4387 279 4442 wird
307 4389 395 4443 durch
421 4406 484 4446 cero
507 4390 685 4460 (‘wirlrlich’)
707 4407 769 4446 ver·
822 4423 857 4432 -
881 4393 1006 4448 condicio
1030 4394 1176 4465 pecuniae]
1202 4392 1392 4464 Gelogenheit

209 4459 307 4513 sttrkt.
322 4489 356 4500 -
370 4462 459 4530 mauis
476 4461 632 4532 aliquanto]
655 4461 769 4517 ‘bedeu-
823 4462 895 4518 Geld
915 4482 949 4519 au
968 4466 1093 4520 machon.
