2998 4956
656 261 798 317 TULLIA.
1272 259 1315 324 35

141 449 180 492 ac
208 425 399 510 familiares,
425 424 449 489 ii
478 423 542 508 ipsi
567 425 638 508 pari
661 425 813 488 molestie
836 423 1030 488 adficiuntur
1051 444 1155 507 neque
1178 423 1248 487 sine
1270 425 1316 488 la-

142 515 254 580 crimis
277 514 390 578 multis
413 513 445 577 id
470 515 582 578 conari
604 517 752 596 possunt,
776 512 823 576 uti
842 512 948 596 magis
966 511 1030 594 ipsi
1049 511 1220 576 videantur
1237 512 1316 577 alio-

141 626 216 668 rum
253 603 474 667 consolatione
506 600 651 685 indigere
684 622 782 685 quam
815 600 887 665 eliis
918 622 1015 684 posse
1048 622 1141 664 suum
1174 600 1317 665 officium

101 686 109 699 ”
142 694 323 776 praestare,
358 689 498 770 tumen,
515 711 598 772 quae
629 689 665 753 in
695 690 881 773 praesentis
912 689 947 752 in
979 692 1120 753 mentem
1152 688 1235 752 mihi
1267 710 1318 754 ve·

141 784 273 863 nerunt,
314 779 442 842 decrevi
477 779 572 842 brevi
608 777 648 841 ed
684 781 718 842 te
754 778 965 862 perscribere,
1006 799 1072 842 non
1108 799 1172 862 quo
1210 799 1249 841 ee
1284 783 1317 842 te

140 869 253 953 fugere
281 867 478 951 existimem,
506 866 562 930 sed
590 865 675 950 quod
703 866 843 931 forsitan
869 866 981 931 dolore
1008 865 1182 951 impeditus
1211 866 1317 930 minus

143 979 179 1022 eu
228 976 392 1039 ersprmas.

204 979 316 1119 pQuid
350 1047 414 1126 est,
446 1044 532 1127 quod
565 1045 658 1107 tanto
693 1064 790 1127 opere
821 1045 855 1106 te
887 1046 1091 1108 commoveat
1123 1046 1198 1107 tuus
1227 1042 1353 1108 dolor2

144 1130 340 1197 intestinus?
383 1130 508 1215 Cogite,
532 1153 627 1216 quem
651 1130 691 1195 ad
715 1131 847 1195 modum
871 1130 975 1195 adhuc
998 1132 1129 1196 fortuna
1146 1131 1316 1196 nobiscum

141 1221 258 1308 egerit:
283 1241 321 1284 ea
343 1219 439 1284 nobis
463 1226 575 1303 erepte
597 1241 676 1302 esse,
700 1240 782 1302 quse
801 1219 990 1284 hominibus
1008 1242 1075 1285 non
1093 1221 1199 1284 minus
1219 1242 1316 1304 quam

141 1310 238 1375 liberi
253 1330 329 1374 cara
343 1329 414 1372 esse
425 1307 551 1390 debent,
565 1308 716 1393 patriam,
730 1308 945 1392 honestatem,
959 1308 1162 1393 dignitatem,
1176 1308 1317 1373 honores

144 1419 265 1463 omnes.
304 1396 376 1462 Hoc
399 1418 464 1461 uno
486 1396 690 1461 incommodo
716 1396 826 1462 addito
851 1396 926 1482 quid
951 1397 992 1461 ud
1014 1397 1159 1463 dolorem
1182 1397 1318 1482 adiungi

142 1487 272 1572 potuit?
302 1491 359 1550 aut
387 1486 442 1569 qui
469 1506 536 1549 non
564 1485 599 1548 in
622 1486 689 1549 illis
712 1485 810 1550 rebus
834 1485 1027 1550 exercitatus
1051 1486 1178 1551 enimus
1201 1486 1317 1551 callere

142 1579 208 1640 iem
233 1575 329 1638 debet
353 1576 450 1658 utque
474 1575 583 1639 omnia
605 1574 742 1639 minoris
766 1574 976 1640 existimare?

231 1661 278 1727 At
291 1663 380 1727 illius
396 1663 509 1746 vicem,
528 1663 631 1746 credo,
651 1663 750 1728 doles.
774 1661 931 1738 Quotiens
947 1664 981 1727 in
997 1685 1069 1727 eam
1083 1664 1317 1748 cogitationem
1332 1664 1352 1728 3

140 1773 273 1817 necesse
301 1754 352 1815 est
380 1755 414 1816 et
436 1754 472 1816 tu
496 1752 621 1815 veneris
645 1756 679 1815 et
700 1772 762 1815 nos
786 1772 882 1834 seepe
909 1751 1091 1836 incidimus,
1121 1751 1210 1817 hisce
1237 1755 1317 1816 tem·

141 1841 278 1924 poribus
305 1861 372 1904 non
400 1839 541 1923 pessime
567 1861 640 1903 cum
663 1840 705 1903 iis
729 1860 799 1903 esse
824 1842 947 1921 ectum,
975 1840 1091 1924 quibus
1115 1840 1184 1905 sine
1207 1840 1318 1905 dolore

139 1929 272 1994 licitum
300 1931 350 1992 est
378 1931 517 1991 mortem
545 1948 617 1991 cum
645 1928 714 1991 rite
743 1927 964 1992 commutare?
1011 1926 1095 2003 Quid
1117 1933 1225 1994 sutem
1247 1929 1320 2012 fuit,

141 2017 231 2102 quod
259 2017 350 2080 illem
377 2015 440 2080 hoc
467 2019 613 2099 tempore
642 2016 681 2079 ad
709 2015 883 2080 vivendum
911 2036 1030 2100 magno
1055 2038 1152 2101 opere
1180 2017 1319 2082 inritare

139 2104 277 2190 posset?
301 2126 383 2189 quae
407 2104 482 2168 res?
506 2126 588 2188 quae
612 2103 710 2189 spes?
734 2105 820 2189 quod
843 2103 943 2168 animi
966 2105 1146 2170 solacium?
1177 2103 1225 2170 Ut
1247 2127 1321 2170 cum

141 2196 253 2278 aliquo
273 2194 480 2258 adulescente
498 2193 656 2277 primario
675 2194 848 2258 coniuncte
868 2196 1009 2259 aetutem
1028 2193 1178 2279 gereret?
1196 2194 1320 2259 licitum

87 2338 91 2344 .
142 2286 194 2347 est
220 2281 297 2365 tibi,
325 2281 435 2366 crede,
462 2303 522 2364 pro
551 2285 608 2345 tua
636 2281 796 2367 dignitate
824 2304 863 2346 ex
889 2281 950 2346 huc
973 2282 1140 2347 iuventute
1164 2304 1319 2369 generum

143 2371 299 2456 deligere,
326 2371 416 2434 cuius
443 2370 521 2434 fidei
547 2370 669 2435 liberos
698 2374 773 2436 tuos
800 2374 833 2435 te
856 2373 929 2435 tuto
954 2371 1155 2436 committere
1177 2375 1320 2456 putares.

141 2460 198 2524 An
225 2462 262 2523 nt
286 2480 325 2523 eu
347 2459 468 2523 liberos
492 2480 531 2522 ex
554 2480 624 2523 sese
648 2463 790 2543 pareret,
819 2481 901 2545 quos
925 2481 997 2524 cum
1020 2459 1172 2525 florentes
1195 2460 1320 2526 videret

141 2547 342 2612 laetaretur?
366 2548 421 2631 qui
444 2568 512 2611 rem
537 2569 557 2611 s
579 2552 714 2632 parente
737 2547 893 2614 traditam
916 2571 976 2632 per
993 2570 1028 2613 se
1046 2552 1155 2614 tenere
1173 2553 1320 2634 possent,

142 2638 285 2701 honores
310 2635 486 2700 ordinatim
508 2638 644 2719 petituri
668 2640 787 2721 essent,
809 2637 844 2701 in
866 2659 902 2701 re
924 2637 1065 2722 publica,
1087 2639 1124 2702 in
1143 2639 1320 2705 amicorum

141 2930 707 3003 gestellt,wodurchie'ipsieinengrtl'se·
760 2932 889 3001 legung
910 2932 1025 3002 geffihrt
1046 2934 1161 2990 worden
1184 2933 1244 2990 sein
1269 2937 1322 3005 (ue-

141 3021 194 3059 ren
202 3002 372 3058 Nschdruck
385 3005 484 3061 erhtlt.
503 3001 594 3057 Dabei
604 3002 707 3057 museto
760 3004 858 3071 ueris),
892 3003 942 3058 der
967 3004 1040 3071 ihm,
1069 3006 1133 3061 dem
1161 3004 1322 3062 Geschttfts·

144 3075 197 3129 das
216 3073 336 3144 Suhjekt
358 3075 406 3130 des
424 3074 611 3144 Hauptsetzes
629 3075 707 3144 (pro-
760 3091 875 3142 manne,
903 3092 957 3129 nur
983 3077 1131 3147 zuftllig
1153 3078 1322 3147 gelrommen

141 3147 219 3216 Ῥέης.
237 3147 338 3216 furuit.)
356 3165 389 3200 uu
404 3162 472 3215 quos
485 3145 528 3199 uls
542 3144 707 3200 erkltrende
761 3146 941 3215 (incidimus).
982 3147 1047 3216 Vgl.
1070 3147 1104 3203 11.
1128 3155 1171 3203 23.
1195 3155 1221 3204 2.
1266 3148 1324 3205 Der

140 3215 705 3287 Appositionhinzugeftigtwerden.Vgl.
762 3215 827 3270 Satn
850 3217 890 3271 ist
908 3218 1126 3274 anuholuthisoh
1144 3221 1260 3290 gebeut,
1285 3221 1323 3276 de

140 3308 165 3345 z.
184 3287 219 3342 ΙΙ.
239 3293 281 3342 22.
301 3294 326 3342 2.
760 3293 786 3341 et
808 3304 886 3357 saepe
909 3289 962 3345 tue.
991 3288 1053 3345 sich
1075 3289 1188 3346 formell
1211 3308 1247 3346 en
1271 3292 1322 3346 das

179 3400 205 3448 2·
232 3392 310 3463 mus]
339 3393 392 3447 mit
416 3392 598 3448 Nachdmck:
628 3391 705 3447 ‘dein
760 3358 997 3428 vorhel‘gflhflnde
1029 3361 1108 3415 nicht
1135 3362 1322 3418 anflohliessen

143 3465 266 3534 eigener,
277 3463 490 3534 personliohor’.
501 3495 534 3504 —
545 3463 704 3534 turstinus]
759 3429 843 3570 ξζὲἒ
860 3431 1102 3569 derrdeepe-ndddeit]
1114 3451 1174 3556 uzdd
1191 3432 1322 3560 {dhhidllt

142 3533 706 3676 tttttttnnttltutttl-tt
760 3569 1324 3713 &ppp-ueppppprphup

140 3679 200 3732 ulis
222 3678 302 3732 rebus
344 3677 370 3730 d.
389 3678 407 3732 i.
435 3678 466 3730 in
489 3678 554 3732 dem
576 3675 708 3730 Verlnste
837 3712 843 3723 .

137 3750 222 3819 jener
244 3676 344 3816 muge·
363 3778 397 3788 -
416 3749 525 3818 canere]
552 3746 609 3800 Das
636 3746 707 3800 Sim·
762 3710 924 3781 Scherdung
959 3730 1016 3767 von
1049 3713 1208 3768 Dolabella.
1231 3744 1265 3754 -
1289 3732 1323 3770 eu

140 3819 209 3889 plex
235 3819 323 3873 findet
350 3818 410 3873 sich
434 3820 464 3874 in
487 3819 578 3872 dieser
599 3816 707 3871 Bedeu·

142 3893 217 3958 tung
236 3890 284 3942 bei
302 3889 399 3944 Cicero
417 3891 496 3944 nicht
514 3889 592 3958 (aber
610 3886 708 3957 htufig

142 3959 192 4015 hei
212 3959 353 4029 Plautus),
377 3957 575 4029 ebensowenig
595 3959 708 4025 confieri

143 4039 200 4116 ἓ),
219 4047 335 4155 mmgm
348 4038 505 4088 ‘wlmare
519 4035 534 4095 ἕ
547 4035 572 4097 2²
592 4045 706 4084 “mum'
760 4068 811 4118 aut
824 4064 978 4118 carminum
990 4067 1135 4134 scriptores
1144 4068 1226 4122 etium
1234 4086 1322 4124 uuum

142 4119 221 4159 ulca
238 4108 254 4167 t
291 4143 298 4156 ·
760 4136 849 4203 etrum
866 4134 985 4200 fictamve
1000 4136 1118 4191 ‘trouu’
1135 4140 1322 4195 multitudiuis

181 4215 206 4262 3.
216 4208 307 4279 credo]
318 4206 455 4262 ironisch:
467 4205 561 4273 ‘wohl
570 4205 706 4260 etwa'.-
760 4221 872 4260 uumero
882 4207 1067 4274 appellarunt.
1077 4207 1148 4266 Gell.
1156 4209 1190 4263 N.
1198 4210 1231 4267 A.
1237 4210 1270 4266 ΙΙ.
1279 4217 1320 4268 13.

143 4281 251 4336 ceucris
261 4320 267 4334 .
277 4318 283 4331 .
294 4276 455 4347 incidimus]
471 4275 566 4331 Cicero
581 4275 708 4330 mulste
762 4308 796 4318 -
806 4293 867 4331 cum
880 4278 908 4345 (t.
923 4278 1036 4350 uideret]
1053 4279 1100 4333 ‘en
1115 4279 1199 4336 deren
1214 4282 1319 4336 Bh'ite’.

145 4357 260 4420 (uecessc
277 4356 327 4419 est)
346 4350 396 4403 suf
412 4349 467 4402 den
485 4346 638 4402 Godanken
656 4345 709 4400 mit
762 4348 819 4402 Des
839 4346 1003 4404 Substantiv
1021 4349 1214 4407 umschrieben
1233 4352 1320 4406 durch

145 4420 395 4488 Bewulstsein,
450 4420 555 4473 durch
605 4405 708 4472 liber-
763 4417 1318 4491 einenKonjunktionelsatz.-pcrse]

1070 4509 1108 4562 3*

761 3784 812 3838 hue
829 3782 981 3854 iuventute]
1000 3800 1058 3837 eus
1078 3784 1136 3837 der
1154 3784 1322 3853 heutigen

761 3852 906 3921 tugano,
936 3852 982 3906 die
1006 3853 1077 3908 eben
1100 3855 1180 3908 nicht
1203 3854 1267 3909 sehr
1288 3875 1322 3910 zu

760 3923 879 3976 ruhmen
906 3939 971 3977 war.
995 3954 1031 3963 -
1054 3925 1150 3979 liberos
1176 3925 1209 3995 t]
1243 3927 1322 3981 dein

760 3992 857 4046 Kind.
876 3992 998 4061 Antiqui
1010 4000 1130 4050 oratores
1140 3996 1321 4067 historiaeque
