2998 4956
562 276 567 287 .
671 230 813 286 TULLIA.
1285 233 1328 297 37

159 412 200 455 ea
232 391 340 473 potins
368 392 587 476 reminiscere,
620 415 702 478 quae
729 393 829 478 digna
855 397 912 457 tua
939 415 1078 477 persona
1107 397 1197 459 sunt:
1228 396 1330 480 illam,

158 479 312 562 quamdiu
336 479 364 543 ei
388 501 469 564 opus
494 480 601 565 fuerit,
623 482 750 564 vixisse,
773 503 839 546 nna
861 504 933 546 cum
952 504 987 546 re
1005 484 1137 566 publica
1155 483 1265 563 fuisse,
1288 489 1330 568 te,

156 572 285 651 patrem
301 590 403 649 suum,
422 573 615 653 praetorem,
634 572 811 654 consulem,
830 592 986 655 augurem
1001 571 1128 654 vidisse,
1147 572 1330 638 adulescen-

154 656 245 721 tibus
264 656 427 740 primariis
445 663 581 742 nuptam
599 659 711 742 fuisse,
729 658 879 724 omnibus
897 660 992 724 bonis
1010 682 1112 744 prope
1128 662 1330 745 perfunctam

156 765 242 828 esse,
266 766 338 809 oum
361 767 413 810 res
436 747 567 830 publica
586 748 755 830 occideret,
778 749 847 812 rita
865 749 1053 813 excessisse:
1077 749 1155 833 quid
1175 749 1330 835 estquod

156 836 195 896 tu
219 837 276 897 ant
298 833 357 898 illa
380 856 453 899 cum
476 835 607 900 fortuna
630 837 693 901 hoc
715 836 845 901 nomine
868 837 960 920 queri
982 837 1138 920 possitis?
1300 905 1304 912 ,

246 922 394 1007 Denique
418 925 487 988 noli
510 926 544 987 te
564 924 712 989 oblivisci
731 922 917 990 Ciceronem
936 947 1006 990 esse
1025 930 1058 989 et
1076 948 1159 1008 eum,
1182 926 1237 1011 qui
1256 927 1329 991 aliis

158 1011 326 1074 consueris
353 1013 539 1096 praecipere
567 1016 600 1077 et
628 1013 704 1078 dare
732 1014 916 1091 consilium,
947 1035 1051 1097 neque
1079 1014 1202 1078 imitari
1225 1016 1329 1080 malos

155 1099 309 1184 medicos
333 1102 447 1185 quiin
470 1102 583 1166 alienis
607 1101 729 1168 morbis
751 1102 946 1187 profitentur
968 1106 1077 1166 tenere
1101 1124 1135 1167 se
1153 1103 1329 1168 medicinae

158 1189 340 1272 scientiam,
369 1190 432 1272 ipsi
459 1212 493 1254 se
517 1212 630 1256 curare
652 1213 719 1255 non
741 1196 893 1275 possunt;
921 1191 976 1255 sed
999 1191 1122 1275 potius,
1150 1214 1232 1276 quae
1256 1192 1329 1257 aliis

156 1279 227 1340 tute
251 1278 436 1361 praecipere
461 1279 558 1363 soles,
583 1302 621 1344 ea
643 1283 713 1344 tute
736 1280 798 1345 tibi
822 1280 932 1345 subice
957 1283 1053 1364 atque
1076 1280 1162 1364 apud
1186 1281 1329 1345 animum

154 1386 310 1448 propone.
355 1365 472 1431 Nullus
501 1368 593 1432 dolor
621 1372 683 1452 est,
711 1392 806 1454 quem
834 1390 900 1433 non
925 1367 1148 1453 longinquitas
1171 1370 1364 1455 temporisd

154 1455 282 1518 minuat
305 1477 343 1520 ac
366 1457 503 1521 molliat:
527 1457 589 1522 hoc
611 1461 644 1521 te
668 1462 854 1541 exspectare
876 1461 1004 1541 tempus
1027 1458 1090 1522 tibi
1108 1461 1203 1542 turpe
1222 1462 1273 1523 est
1291 1481 1329 1524 ac

153 1563 221 1607 uon
243 1545 271 1607 ei
290 1545 336 1607 rei
357 1546 517 1629 sapientia
536 1549 644 1610 tuate
663 1568 828 1611 occurrere
861 1544 954 1621 Quod
973 1546 1001 1609 si
1020 1548 1076 1630 qui
1096 1546 1196 1610 etiam
1215 1547 1328 1611 inferis

154 1652 267 1696 sensus
292 1637 352 1716 est,
374 1634 429 1719 qui
451 1634 541 1699 illius
564 1634 598 1698 in
620 1639 654 1699 te
678 1658 770 1701 amor
790 1635 853 1699 fuit
871 1636 1038 1720 pietasque
1058 1636 1092 1699 in
1111 1656 1223 1700 omnes
1242 1658 1329 1717 snoS,

155 1719 219 1784 hoo
246 1725 331 1785 certe
359 1722 418 1786 illa
445 1726 477 1787 te
505 1723 611 1788 facere
639 1746 706 1788 non
734 1725 812 1789 vult.
857 1723 909 1787 Da
936 1723 998 1788 hoc
1025 1724 1074 1788 illi
1098 1728 1258 1809 mortuae,
1287 1724 1328 1788 da

153 1811 272 1874 ceteris
305 1811 418 1876 amicis
451 1833 490 1876 ac
521 1811 754 1898 familiaribuS,
785 1813 841 1896 qui
872 1816 929 1876 tuo
958 1812 1068 1877 dolore
1097 1816 1254 1896 maerent,
1287 1813 1329 1877 da

152 1899 295 1981 patriae,
322 1902 372 1982 ut,
401 1900 429 1963 si
457 1922 522 1985 qua
549 1901 584 1963 in
610 1923 645 1964 re
674 1924 755 1984 opus
779 1903 834 1983 sit,
862 1922 960 1984 opera
984 1904 1016 1965 et
1039 1902 1174 1966 consilio
1198 1905 1256 1966 tuo
1279 1902 1329 1966 uti

150 1987 266 2069 possit.
319 1986 480 2073 Denique,
513 1989 665 2073 quoniam
697 1991 731 2053 in
763 2011 834 2053 eam
864 1990 1031 2053 fortunam
1054 1989 1260 2072 devenimus,
1292 1996 1329 2053 ut

153 2075 253 2139 etiam
277 2075 352 2140 hnic
374 2078 421 2140 rei
444 2077 540 2141 nobis
564 2077 767 2142 serviendum
792 2078 843 2160 sit,
865 2078 935 2142 noli
954 2078 1166 2162 committere,
1188 2081 1225 2142 ut
1244 2077 1328 2161 qnis-

156 2185 255 2247 quam
281 2168 329 2231 te.
337 2168 432 2247 putet
453 2187 518 2229 non
542 2169 611 2229 tam
634 2167 737 2231 filiam
762 2189 859 2252 quam
882 2167 930 2230 rei
951 2164 1101 2249 publicae
1124 2169 1273 2251 tempora
1296 2170 1329 2230 et

153 2253 292 2316 aliorum
314 2254 485 2318 victoriam
508 2255 628 2338 lugere.

242 2341 340 2405 Plura
362 2363 413 2406 me
437 2342 478 2406 ad
501 2347 534 2407 te
558 2343 597 2407 de
620 2344 681 2408 hae
705 2365 739 2408 re
764 2343 905 2408 scribere
928 2344 1037 2428 pudet,
1061 2365 1102 2407 ne
1126 2341 1235 2407 videar
1254 2365 1329 2427 pru·

151 2429 281 2494 dentiae
303 2434 381 2495 tuae
404 2430 565 2515 diffidere3
596 2454 711 2517 qnare,
735 2434 762 2497 si
784 2432 847 2497 hoc
870 2455 970 2497 unum
993 2453 1207 2516 proposuero,
1229 2432 1328 2496 finem

154 2517 273 2582 faciam
304 2520 474 2585 scribendi.
521 2519 671 2585 Vidimus
696 2522 892 2605 aliquotiens
916 2521 1092 2586 secundam
1115 2521 1328 2604 pulcherrime

152 2610 185 2670 te
208 2606 293 2671 ferre
317 2608 484 2672 fortunam
509 2630 726 2695 magnamque
750 2632 789 2674 ex
812 2632 850 2674 ea
873 2632 907 2674 re
930 2621 964 2673 te
988 2611 1116 2674 laudem
1139 2609 1252 2691 apisci:
1276 2607 1328 2672 fac

151 2695 325 2781 aliquando
349 2696 578 2782 intellegamus
603 2698 770 2763 adversam
794 2719 922 2781 quoque
945 2701 979 2761 te
1002 2719 1101 2781 aeque
1120 2697 1205 2759 ferre
1223 2717 1328 2779 posse,

150 2805 254 2868 neque
278 2784 311 2848 id
334 2787 449 2869 maius,
472 2808 569 2868 quam
592 2785 719 2869 debeat,
741 2787 803 2849 tibi
827 2808 908 2850 onus
927 2786 1038 2865 videri,
1061 2806 1102 2847 ne
1121 2805 1159 2847 ex
1178 2784 1327 2847 omnibus

152 2873 328 2937 virtutibus
352 2874 433 2938 haec
456 2895 522 2937 una
544 2874 605 2938 tibi
628 2876 778 2938 rideatur
801 2874 919 2938 deesse.
952 2872 1045 2948 Quod
1068 2871 1108 2936 ad
1132 2892 1183 2935 me
1202 2872 1329 2953 attinet,

149 3116 239 3172 drnclr
269 3118 359 3174 findet
384 3118 445 3172 sich
476 3118 523 3172 bei
554 3118 608 3172 den
636 3118 713 3171 alten
767 3134 858 3188 gagen
878 3118 932 3172 den
952 3117 1081 3173 Sohmerz
1099 3116 1277 3185 anktmpfen.
1293 3147 1328 3158 -

147 3188 285 3243 Dichtern
302 3190 348 3243 fiir
366 3189 416 3244 das
434 3189 588 3245 klassische
602 3194 713 3244 mortem
767 3194 792 3242 le
818 3189 984 3260 exspectare]
1013 3191 1046 3244 st.
1075 3187 1123 3243 des
1148 3187 1258 3242 blossen
1281 3187 1328 3241 In-

147 3261 231 3315 otirc.
765 3260 879 3315 finitive.
908 3261 1016 3314 Anders
1033 3259 1080 3314 bei
1094 3258 1190 3313 Cicero
1204 3259 1244 3313 im
1258 3258 1327 3327 folg.

184 3335 209 3385 5.
234 3337 284 3386 toa
307 3332 438 3404 persona]
468 3330 576 3385 ‘deiner
598 3337 712 3400 person·
765 3332 809 3385 Br.
836 3336 859 3396 5.
881 3338 893 3384 1
918 3335 969 3396 (me
986 3332 1069 3399 ferre)
1088 3329 1160 3385 ohne
1180 3330 1273 3384 Dativ.
1293 3360 1327 3369 -

147 3402 242 3456 lichen
260 3401 388 3471 Wr‘irde',
413 3421 433 3457 s.
452 3422 474 3457 a.
492 3402 540 3457 ΙΙΙ.
560 3407 710 3457 25.10.-—
765 3402 853 3474 umor]
873 3403 958 3457 Liebe
978 3419 1027 3455 aus
1045 3402 1208 3470 Zuneigung
1227 3401 1328 3469 (Zama

146 3474 247 3544 faisse]
283 3474 337 3527 mit
371 3474 500 3529 verbaler
530 3473 709 3542 Bedentung:
764 3472 929 3543 liehlreit'),
971 3474 1062 3542 pictos
1106 3470 1325 3540 pflichtmassige

146 3544 189 3599 sie
221 3546 273 3599 hat
303 3545 377 3599 noch
407 3544 535 3611 augleich
563 3546 617 3599 mit
644 3545 709 3598 dem
763 3544 857 3598 Liebe.
884 3575 919 3585 —
943 3544 994 3598 tor
1024 3543 1104 3613 certe]
1136 3560 1163 3595 n.
1196 3540 1257 3594 dass
1289 3543 1327 3594 du

148 3614 247 3669 Staate
266 3617 370 3685 gelebt‚
388 3615 433 3669 ihr
445 3615 540 3670 Leben
558 3615 606 3670 fiel
619 3616 650 3669 in
663 3616 709 3670 die
763 3618 892 3683 wartest,
915 3614 959 3667 bis
979 3612 1024 3668 die
1044 3614 1105 3667 Zeit
1124 3614 1178 3665 den
1197 3610 1327 3665 Sshmerz

146 3685 211 3740 Zeit
225 3685 370 3741 desfreien
380 3686 499 3756 Staates,
514 3688 710 3755 derAusgang
763 3685 879 3747 findant,
907 3703 965 3739 was
989 3684 1090 3739 vorhin
1112 3683 1154 3736 als
1178 3686 1257 3762 torpe
1279 3680 1327 3734 be·

144 3757 223 3812 ihrcs
238 3758 355 3825 Letous,
372 3757 426 3812 wie
441 3757 570 3826 sogleich
584 3758 711 3810 erwthnt
764 3756 893 3810 zeichnet
909 3756 1012 3810 wurde.
1027 3784 1062 3794 —
1075 3755 1135 3807 noli
1152 3751 1326 3822 commedere]

146 3828 234 3896 wird,
257 3829 310 3882 mit
332 3830 396 3883 dem
415 3829 494 3882 Ende
518 3828 568 3881 der
585 3825 711 3881 Freiheit
764 3827 791 3880 d.
810 3827 837 3882 h.
862 3828 930 3881 hiite
953 3825 1033 3892 dich,
1056 3824 1112 3877 den
1130 3822 1327 3902 Verdachtlzn

147 3916 317 3954 zusammen.
335 3929 368 3941 -
381 3901 430 3954 hoc
443 3899 528 3969 oom]
543 3897 596 3951 wie
612 3899 631 3952 l.
646 3904 672 3952 4.
684 3906 709 3952 4.
765 3912 894 3966 erregen,
917 3895 978 3950 dass
998 3895 1035 3948 du
1054 3910 1107 3947 nur
1125 3909 1188 3946 zum
1207 3893 1326 3947 Schema

145 3970 238 4041 queri]
251 3971 525 4039 ‘hadem’.-ncqoc
533 3969 653 4039 imitari]
661 3966 712 4024 Ins.
766 3968 835 4021 tiber
858 3966 912 4022 den
935 3966 996 4020 Tod
1019 3964 1115 4018 deiner
1136 3963 1268 4033 Tochter,
1296 3964 1327 4018 in

145 4059 204 4096 von
221 4043 281 4096 ooli
299 4041 450 4110 abhtngig,
471 4058 491 4094 s.
512 4039 557 4094 IV.
577 4045 619 4093 ⁶24.
642 4047 665 4094 1.
766 4036 967 4092 Wirkliohlreit
994 4036 1062 4089 aber
1089 4051 1137 4088 um
1164 4035 1216 4088 den
1245 4034 1328 4089 Staat

185 4119 210 4167 6.
224 4114 334 4167 minuat
347 4130 380 4167 ac
393 4112 510 4182 molliat]
527 4113 612 4164 etwa:
631 4110 713 4163 ‘mim
766 4112 896 4163 trauerst.
923 4109 982 4161 Att.
995 4105 1055 4160 XII.
1071 4109 1113 4160 20.
1130 4110 1144 4158 1
1165 4106 1252 4174 (Mars
1266 4108 1325 4175 45):

148 4182 213 4238 dert
231 4184 290 4238 und
305 4183 442 4238 mildert'.
457 4215 490 4223 -
506 4183 556 4238 hoc
568 4188 594 4236 te
607 4198 713 4248 esspcc-
767 4181 841 4250 qood
859 4196 901 4234 me
918 4178 1040 4233 hortaris
1058 4220 1063 4232 .
1084 4219 1091 4233 .
1110 4182 1142 4232 ut
1159 4178 1327 4232 dissimulem

147 4255 221 4325 tora]
242 4255 312 4309 Dem
332 4253 448 4308 Weisen
470 4254 508 4307 ist
530 4270 560 4306 es
580 4251 712 4322 schimpf·
765 4269 806 4305 me
824 4258 881 4305 tarn
898 4251 1019 4319 praviter
1037 4249 1128 4304 dolore
1146 4255 1193 4305 etc.
1209 4279 1242 4288 —
1257 4249 1325 4302 olio·

150 4325 210 4380 lish
233 4343 267 4379 zu
290 4327 410 4390 werten,
438 4325 481 4378 bis
505 4323 551 4377 die
574 4325 635 4377 Zeit
658 4325 713 4376 den
765 4323 841 4392 ram]
852 4322 901 4377 der
909 4319 1231 4391 (laconense-apisci]
1242 4318 1326 4374 alter-

102 4452 106 4458 ,
153 4395 285 4450 Schmerz
304 4395 417 4464 lindert,
437 4411 466 4449 er
484 4394 557 4449 mols
575 4393 713 4449 viclmehr
765 4393 885 4448 ttimlich
903 4393 948 4447 fur
966 4393 1093 4462 adipisci.
