2998 4956
496 294 527 360 Q.
547 294 698 350 TULLIUS
717 291 855 350 CICERO.
1218 292 1260 355 61
1305 338 1312 346 .

93 464 195 527 tatum
208 459 288 523 fines
302 458 467 542 incolant,
478 457 611 523 tolerari
626 456 853 541 aequabiliter;
871 455 1043 520 facillimos
1063 477 1134 521 esse
1153 456 1261 521 aditus

94 550 134 615 ad
158 553 202 630 te,
233 551 343 630 patere
376 568 471 611 aures
502 550 576 611 tuas
609 545 749 630 querelis
778 545 936 628 omnium,
968 545 1088 610 nullius
1118 544 1261 629 inopiam

93 661 131 704 ao
147 636 350 701 solitudinem
369 657 435 700 non
454 636 551 699 modo
569 634 626 698 illo
645 634 795 717 populari
814 654 944 698 secessu
964 656 1002 698 ac
1019 634 1186 715 tribunali,
1206 634 1261 699 sed

92 747 133 792 ne
154 724 246 789 domo
270 724 402 809 quidem
425 727 458 788 et
481 722 629 788 cubiculo
654 743 724 786 esse
747 723 910 787 exclusam
933 725 1004 806 tuo,
1028 726 1098 788 toto
1124 723 1261 808 denique

96 815 223 899 imperio
245 813 328 878 nihil
353 813 505 877 acerbum
529 833 613 895 esse,
639 811 721 875 nihil
745 812 888 896 crudele,
912 812 1009 896 atque
1033 811 1143 877 omnia
1164 811 1263 897 plena

94 902 288 983 clementiae,
312 901 579 983 mansuetudinis,
602 900 825 965 humanitatis.

177 989 231 1055 IX„
266 991 432 1067 Quantum
451 1012 528 1055 vero
547 988 628 1053 illud
646 992 697 1053 est
714 989 905 1055 beneficium
924 992 1027 1074 tuum,
1046 989 1132 1073 quod
1149 989 1262 1074 iniquo
1273 993 1316 1061 26

95 1084 128 1144 et
154 1079 244 1164 gravi
271 1080 426 1164 vectigali
450 1078 611 1161 aedilicio,
639 1099 712 1141 cum
735 1081 864 1163 magnis
886 1079 1008 1143 nostris
1032 1079 1263 1163 simultatibus,

101 1168 201 1234 Asiam
223 1168 387 1236 liberasti!
419 1167 562 1251 Etenim,
585 1168 613 1230 si
631 1189 714 1231 unus
733 1167 831 1231 homo
850 1167 971 1231 nobilis
990 1169 1136 1252 queritur
1153 1169 1264 1251 palam

94 1262 136 1338 te,
158 1257 241 1340 quod
260 1257 411 1341 edixeris,
434 1278 475 1320 ne
495 1256 535 1321 ad
559 1254 652 1320 ludos
676 1257 830 1340 pecuniae
855 1254 1111 1342 decernerentur,
1133 1255 1190 1321 HS
1210 1272 1263 1322 00.

95 1345 155 1410 sibi
177 1345 351 1429 eripuisse,
375 1350 498 1427 quanta
521 1343 653 1408 tandem
676 1346 813 1427 pecunia
836 1345 1043 1430 penderetur,
1067 1346 1095 1410 si
1118 1345 1263 1410 omnium

96 1434 228 1517 nomine,
247 1434 441 1517 quicumque
455 1433 579 1497 Romae
593 1432 687 1497 ludos
701 1433 855 1516 facerent,
870 1435 956 1518 quod
971 1441 1041 1500 erat
1055 1435 1120 1498 iam
1135 1434 1263 1498 institu-

95 1527 169 1605 tum,
188 1523 400 1607 erogaretur?
425 1521 628 1606 Quamquam
646 1521 707 1586 hes
726 1523 874 1606 querelas
893 1523 1061 1588 hominum
1081 1526 1267 1589 nostrorum

93 1611 149 1676 illo
172 1611 311 1676 oonsilio
335 1611 572 1695 oppressimus,
595 1610 680 1694 quod
703 1612 737 1675 in
761 1611 843 1675 Asia
865 1614 975 1677 nescio
1000 1634 1140 1696 quonam
1163 1612 1270 1695 modo,

98 1699 212 1765 Romae
236 1699 368 1786 quidem
392 1721 458 1764 non
481 1700 636 1763 mediocri
659 1722 732 1764 eum
751 1699 967 1765 admiratione
986 1701 1147 1783 laudatur,
1173 1701 1268 1785 quod,

95 1810 164 1852 oum
186 1788 227 1852 ad
249 1789 412 1872 templum
437 1792 746 1872 monumentumque
769 1794 918 1853 nostrum
942 1789 1091 1854 civitates
1114 1790 1268 1873 pecunias

100 1876 330 1960 decrevissent,
373 1898 509 1961 eumque
551 1876 583 1940 id
621 1880 654 1940 et
689 1898 749 1960 pro
791 1877 871 1942 meis
910 1879 1038 1961 magnis
1074 1880 1200 1942 meritis
1237 1882 1270 1942 et

98 1988 153 2050 pro
183 1968 248 2031 tuis
285 1965 436 2029 maximis
469 1964 635 2030 beneficiis
667 1987 793 2030 summa
823 1988 882 2030 sua
911 1967 1078 2032 voluntate
1108 1967 1271 2049 fecissent,

95 2055 349 2139 nominatimque
376 2055 430 2117 lex
462 2055 636 2137 exciperet,
663 2058 701 2117 ut
724 2054 764 2118 ad
786 2056 944 2139 templum
968 2058 1001 2119 et
1024 2058 1271 2119 monumentum

97 2165 205 2226 capere
224 2145 349 2226 liceret,
373 2164 510 2227 cumque
529 2143 571 2227 id,
595 2142 682 2226 quod
701 2143 849 2225 dabatur,
866 2166 933 2208 non
953 2148 1038 2208 esset
1055 2145 1271 2227 interiturum,

98 2232 150 2297 sed
176 2233 210 2296 in
234 2231 439 2297 ornamentis
468 2231 583 2315 templi
606 2231 765 2316 futurum,
792 2234 828 2296 ut
850 2255 917 2298 non
938 2232 1019 2296 mihi
1040 2234 1149 2316 potius
1173 2254 1273 2317 quam

99 2323 213 2405 populo
241 2320 395 2385 Romano
425 2342 463 2384 ao
487 2320 536 2385 dis
559 2321 797 2386 immortalibus
822 2320 934 2386 datum
957 2322 1132 2386 videretur:
1160 2326 1273 2386 tamen

100 2409 144 2488 id,
165 2411 197 2475 in
220 2431 289 2495 quo
313 2412 385 2473 erat
410 2408 567 2492 dignitas,
594 2414 664 2474 erat
686 2411 752 2490 lex,
776 2415 845 2474 erat
868 2432 993 2495 eorum,
1022 2412 1077 2495 qui
1100 2411 1272 2502 faciebant,

99 2616 236 2687 Pratorcn,
256 2617 306 2672 die
326 2617 494 2687 gedungene
512 2617 657 2687 Anklager
713 2619 762 2672 der
787 2617 969 2688 Statthelter,
996 2620 1061 2675 teils
1085 2636 1169 2689 sogar
1191 2621 1274 2674 unter

98 2687 532 2758 gegendieReichenauftreten
546 2688 655 2757 lielsen,
713 2690 797 2744 deren
811 2690 997 2759 Mitwirlrung
1014 2708 1048 2763 ap
1067 2707 1218 2760 erpressen.
1239 2720 1273 2731 -

99 2774 143 2812 um
168 2776 217 2814 eus
248 2761 306 2815 den
332 2759 443 2828 Klagen
469 2758 596 2814 Vorteile
624 2778 657 2814 zu
711 2762 814 2815 uostris
837 2761 911 2830 sina]
953 2761 1004 2814 Die
1027 2762 1131 2816 Adilen
1156 2764 1274 2815 zumten

100 2828 204 2886 richen.
215 2863 248 2871 —
263 2832 392 2901 inopiam
406 2848 446 2886 ae.
462 2830 524 2901 sot]
540 2830 584 2883 Da
599 2831 659 2884 hier
713 2832 786 2885 auch
800 2831 864 2885 dem
878 2832 989 2886 Marcus
1000 2832 1096 2886 Cicero
1112 2847 1210 2901 wegen
1224 2831 1273 2886 dee

100 2899 145 2953 der
162 2900 427 2971 Hauptnachdruck
445 2900 525 2955 nicht
543 2901 594 2955 aul
613 2900 659 2954 die
713 2900 832 2955 Edilrtes
857 2900 948 2956 seinos
972 2902 1102 2956 Bruders.
1126 2933 1159 2941 -
1186 2902 1273 2957 decer-

99 2971 213 3036 Person‚
242 2973 376 3027 sondern'
394 2973 445 3026 aul
469 2971 515 3025 die
541 2971 586 3024 ihr
611 2987 660 3025 an·
713 2971 857 3042 necentur]
875 2989 930 3027 von
945 2974 998 3027 den
1014 2973 1273 3041 Stadtgemeinden.

99 3039 537 3113 haitendeEigensohaftgelegt
546 3043 658 3097 werden
714 3074 748 3083 -
771 3046 862 3098 acuero
886 3060 1005 3112 quonam
1022 3044 1113 3116 modo]
1137 3043 1273 3099 ntmlich:

100 3113 158 3180 soll,
175 3115 214 3169 ist
233 3115 314 3169 diese
333 3114 423 3169 durch
438 3115 483 3168 ein
498 3113 658 3169 abstrahtes
712 3113 848 3170 beurteilt
861 3116 939 3169 wird.
977 3117 1033 3169 Das
1052 3120 1126 3170 erste
1145 3116 1219 3186 quod
1237 3115 1276 3170 ist

100 3181 190 3240 Subst.
210 3185 411 3253 ausgedu'ieht.
450 3183 601 3239 ‘Niemand
619 3185 660 3239 eei
713 3185 841 3253 Relatis,
875 3186 926 3240 das
954 3187 1052 3242 aweite
1079 3186 1276 3257 Konjunktion

102 3252 189 3308 ssiner
202 3254 409 3324 Hilllosigheit
425 3257 483 3309 und
498 3255 659 3311 Verlassen-
715 3256 1275 3326 (‘defsichntmlich’)undruverbinden

101 3323 159 3379 heit
179 3343 282 3396 wegen
309 3345 365 3382 von
390 3327 445 3381 den
472 3325 660 3395 allgemeinen
714 3327 1275 3400 mitaccip.uoeeputavi.-adtemplum]

101 3396 260 3453 Audienzen
270 3398 330 3451 und
340 3415 396 3453 von
405 3397 515 3453 deinem
527 3397 662 3452 Tribunal
715 3399 767 3453 Die
781 3398 897 3453 Asiaten
911 3401 1027 3454 wollten
1046 3401 1100 3455 den
1114 3401 1218 3455 beiden
1232 3399 1276 3456 Oi-

101 3469 355 3537 ausgeschlossen.’
386 3469 466 3523 Auch
484 3486 512 3537 p.
527 3469 607 3524 Rosc.
627 3475 661 3523 20
717 3486 836 3524 ceronen
846 3488 893 3523 zur
901 3471 1110 3539 Anerkennung
1123 3471 1199 3525 ihrer
1209 3472 1277 3525 Ver·

103 3537 226 3593 dieselbe
247 3539 446 3609 Verbindung:
464 3541 548 3595 haiae
565 3541 663 3609 inopia
717 3542 826 3595 dienste
841 3542 886 3595 ein
901 3541 1041 3596 Denkmal
1056 3541 1203 3608 errichten,
1219 3557 1276 3594 was

101 3612 125 3661 et
149 3611 272 3665 solitudo
306 3616 541 3679 commemoratur,
572 3612 663 3665 wobei
718 3612 789 3665 eben
812 3611 884 3665 auch
907 3613 1000 3667 nichts
1023 3611 1276 3682 Ungewthnliohes

100 3679 195 3748 iuopia
214 3680 345 3751 (Mangel
363 3699 399 3736 an
415 3680 529 3735 Mitteln
547 3699 595 3735 zur
613 3681 663 3736 Er·
717 3699 784 3739 war.
827 3684 887 3737 Att.
913 3684 944 3738 V.
964 3689 1042 3739 tit
1069 3683 1146 3737 fehrt
1170 3682 1276 3749 Cicero,

102 3749 238 3821 reiehung
249 3752 502 3821 unsererZweeke)
513 3754 665 3807 =coaoilii
718 3753 858 3808 naehdem
880 3770 910 3808 er
932 3754 1008 3809 seine
1027 3754 1210 3822 Verwaltung
1229 3752 1278 3806 der

101 3820 204 3891 inopia.
235 3853 271 3863 -
297 3825 432 3892 populari
456 3823 576 3894 accessu]
601 3824 626 3879 d.
645 3822 663 3879 i.
719 3823 837 3879 Prorinz
856 3824 972 3879 Cilicien
996 3828 1060 3878 dem
1079 3824 1207 3879 Freunde
1230 3839 1278 3891 ge·

102 3891 150 3946 der
161 3894 259 3963 jedem
274 3892 463 3949 freistehende
476 3895 665 3962 Zugengzum
719 3893 815 3947 rdhmt
833 3896 892 3962 hat,
912 3894 980 3948 forts
1005 3896 1037 3948 ob
1055 3896 1121 3950 hoec
1140 3895 1278 3962 beneficia,

102 3959 315 4019 Richterstuhle
340 3965 485 4034 (tibunal)
509 3965 558 4018 des
579 3964 665 4020 Statt-
719 3965 818 4034 quc'bus
837 3966 882 4018 elli
901 3967 1107 4034 obstupescunt,
1124 3968 1215 4020 callos
1231 3966 1279 4020 bo·

101 4033 217 4090 hulters.
231 4066 270 4075 -
289 4036 380 4107 atque]
400 4037 473 4090 nach
487 4034 666 4105 Negationen
719 4051 798 4090 nores
822 4036 891 4090 mihi
914 4037 972 4090 uisi
1000 4037 1141 4091 uerborum
1170 4037 1280 4092 monui

102 4104 153 4159 wie
173 4106 249 4160 oben
269 4112 285 4171 ξ
306 4112 339 4161 19
358 4124 399 4162 ac.
719 4108 796 4172 aium
813 4112 933 4174 statuas,
952 4108 1032 4173 fauo,
1050 4107 1196 4174 τέθριππα
1213 4123 1279 4175 pro-

136 4182 180 4232 26.
203 4179 335 4248 ceptipali
353 4176 491 4249 aedilicio]
511 4176 563 4231 Die
581 4178 665 4231 huru-
719 4178 803 4233 hibeo.
824 4208 857 4217 -
876 4179 920 4232 lea
938 4179 1084 4249 exciperet]
1102 4177 1159 4233 Das
1178 4178 1279 4233 Gesetz

103 4245 210 4302 lischen
224 4247 330 4302 Adilen
343 4249 468 4319 pflegten
482 4266 531 4302 zur
543 4249 665 4303 Bestrei·
720 4247 754 4301 de
777 4249 954 4318 repetundis,
977 4249 1099 4304 welches
1118 4250 1173 4304 den
1193 4250 1279 4304 Statt

103 4320 172 4387 tung
187 4319 240 4373 der
254 4319 363 4375 Kosten
376 4320 422 4374 ffir
434 4319 496 4373 ihre
506 4318 600 4388 Spiele
610 4336 666 4374 von
718 4319 833 4373 haltern
867 4319 913 4373 die
951 4320 1099 4374 Annahme
1135 4339 1192 4378 von
1227 4320 1280 4376 Ge-

104 4386 157 4443 den
167 4390 366 4446 Provinzielen
381 4391 461 4459 Geld,
477 4390 602 4457 Statuen,
613 4389 665 4444 Ge·
719 4390 861 4444 schenhen
884 4392 941 4444 und
965 4389 1036 4446 Geld
1058 4392 1169 4461 verbot,
1200 4391 1281 4446 hatte

104 4458 197 4516 malde
221 4480 250 4516 u.
272 4478 294 4514 s.
314 4480 347 4517 w.
377 4461 442 4517 teils
471 4461 525 4515 mit
553 4460 667 4515 Wissen
721 4459 775 4518 den
784 4461 846 4515 Fall
855 4478 1082 4533 ausgenommen,
1094 4470 1169 4519 ut-
1182 4465 1280 4529 liceret,
