2998 4956
607 296 750 354 TULLIA.
1222 301 1268 365 43

85 456 115 520 si
148 457 228 540 quid
260 460 374 522 nostra
406 479 503 522 causa
536 459 599 544 vis,
631 463 668 522 ut
697 460 770 525 istis
796 463 831 524 le
857 461 1018 526 molestiis
1047 462 1137 526 laxes
1164 465 1197 526 el
1224 461 1267 527 ed

83 545 274 610 convictum
296 550 445 611 nostrum
468 547 581 612 redeas
606 570 643 613 ac
662 550 928 614 consuetudinem
947 552 998 614 vel
1016 554 1162 615 nostram
1182 572 1268 615 oom-

85 655 219 698 munem
248 635 299 699 vel
327 638 417 699 luam
446 637 548 700 solius
577 658 615 701 ac
641 638 817 721 propriam.
865 636 969 722 Cupio
997 660 1064 703 non
1087 639 1266 704 obtundere

84 720 134 805 ld,
158 723 187 786 si
220 745 287 788 non
319 724 477 788 delectare
504 728 618 790 nostro
644 726 766 791 studio:
800 727 894 812 cupio
923 727 1095 811 deterrere,
1127 750 1168 791 ne
1194 749 1267 812 per·

85 833 221 876 maneas
249 812 285 875 in
306 813 444 897 incepto,
489 811 585 878 Nunc
613 813 694 878 duae
721 836 774 878 res
804 815 886 879 istae
911 817 1093 880 contrariae
1116 838 1168 880 me
1192 838 1267 881 con-

84 900 238 983 turbant,
262 922 301 964 ex
325 901 441 987 quibus
465 905 523 965 aul
545 902 579 967 in
602 903 705 966 altera
726 903 807 967 mihi
832 904 938 989 velim,
961 905 989 968 si
1012 908 1120 988 potes,
1143 905 1267 969 obtem-

85 1009 181 1072 peres
206 992 265 1053 aut
286 990 320 1053 in
344 990 448 1054 altera
469 1012 537 1055 non
559 990 713 1057 offendas.
758 990 850 1057 Vale.

531 1218 710 1285 Errssuns
732 1220 819 1287 XVI.

539 1339 602 1409 (Ad.
621 1340 688 1396 fam.
707 1341 741 1396 V.
761 1343 815 1412 16.)

368 1465 405 1518 M.
426 1463 556 1518 CICERO
577 1464 604 1520 S.
624 1465 656 1520 D.
676 1465 707 1520 L.
726 1464 882 1522 Lucumo
902 1465 933 1530 Q.
953 1467 983 1521 F.

175 1590 292 1655 Omnis
321 1594 511 1655 emortuus
535 1613 573 1655 ex
597 1591 748 1657 omnibus
771 1593 919 1675 partibus
944 1615 978 1657 se
1003 1594 1144 1658 ostendit
1166 1594 1202 1658 in
1224 1594 1300 1662 iisl

85 1680 223 1763 lilteris,
246 1701 326 1764 quas
351 1701 370 1743 a
392 1683 425 1743 te
447 1680 596 1764 proxime
620 1682 738 1764 accepi,
760 1703 826 1746 non
850 1682 905 1747 ille
928 1682 1057 1767 quidem
1076 1683 1158 1746 mihi
1176 1684 1267 1768 igno·

85 1772 155 1851 lus,
179 1768 238 1833 sed
261 1773 372 1832 lamen
394 1774 508 1852 gratus
533 1773 565 1832 el
588 1772 734 1853 oplalus3
762 1770 902 1834 dicerem
925 1769 1118 1854 ‘iucundus'‚
1145 1771 1209 1835 nisi
1231 1771 1265 1834 id

84 1859 224 1922 verbum
255 1857 290 1921 in
324 1878 418 1921 omne
450 1860 579 1940 tempus
608 1857 832 1943 perdidissem
865 1880 969 1941 neque
997 1858 1039 1922 ob
1067 1882 1138 1924 eam
1167 1882 1266 1924 unam

85 1969 231 2031 causam,
255 1967 352 2030 quam
375 1949 412 2008 lu
436 1946 610 2028 suspiceris
634 1946 725 2011 etin
748 1967 813 2030 qua
836 1968 889 2011 me
911 1947 1085 2011 lenissimis
1105 1953 1139 2011 et
1157 1970 1266 2012 aman·

85 2035 226 2100 cissimis
249 2034 357 2100 verbis
380 2038 475 2099 utens
494 2056 528 2098 re
549 2034 693 2120 graviter
712 2056 854 2116 accusas,
879 2035 935 2098 sed
953 2035 1049 2118 quod,
1072 2035 1160 2100 illius
1180 2036 1264 2100 tanti

84 2123 232 2188 vulneris
265 2144 347 2208 quae
378 2122 522 2187 remedia
555 2145 624 2188 esse
657 2123 831 2206 debebant,
864 2145 902 2187 ea
928 2123 1018 2188 nulla
1044 2128 1130 2188 sunt.
1180 2122 1301 2199 uuida

85 2213 198 2277 enim?
229 2212 269 2276 ad
299 2211 462 2276 amicosne
486 2211 694 2295 confugiam?
723 2233 821 2295 quem
844 2212 940 2276 mulli
963 2212 1061 2277 sunt?
1088 2212 1264 2276 habuimus

83 2302 175 2366 enim
198 2301 266 2364 fere
290 2321 489 2378 communes,
518 2321 654 2384 quorum
678 2301 733 2364 alii
757 2300 957 2382 oceiderunl,
986 2300 1042 2365 alii
1065 2301 1174 2365 neseio
1199 2322 1264 2385 quo

88 2393 188 2474 paeto
214 2389 443 2454 obduruerunt.
475 2387 595 2452 Tecum
618 2390 725 2453 vivere
748 2410 878 2473 possem
902 2388 1051 2474 equidem
1073 2392 1106 2453 el
1125 2390 1265 2454 maxime

87 2478 221 2543 vellem:
253 2480 412 2559 vetustas,
440 2498 545 2560 amor,
572 2478 785 2561 consuetudo,
814 2477 922 2542 studia
948 2476 1055 2563 paris3
1082 2478 1169 2564 quod
1195 2479 1264 2544 vin·

88 2569 186 2650 clum,
211 2587 340 2651 quaeso,
364 2566 454 2629 deest
476 2569 607 2630 nostrae
631 2566 890 2631 coniunctionis?
924 2566 1144 2632 Possumusne
1161 2567 1266 2652 igilur

58 2757 240 2826 'negativos
259 2757 348 2812 Sarae.
366 2788 401 2798 -
422 2757 448 2812 sr'
467 2757 535 2826 qaid
550 2798 556 2811 .
572 2758 647 2829 ,eis]
701 2773 752 2813 vor
769 2758 877 2826 quidem
895 2756 942 2810 bei
960 2757 1121 2825 folgenden
1139 2759 1198 2825 aed,
1222 2764 1266 2814 ta·

83 2830 209 2884 alicuius
223 2830 382 2883 causavelle
395 2829 445 2881 ist:
460 2827 490 2880 in
500 2827 648 2897 jemandes
701 2846 774 2896 meu,
797 2843 860 2883 oero
879 2829 925 2881 ein
944 2828 1181 2897 entsprechendes
1198 2828 1265 2884 Pro·

84 2901 235 2968 Interesse,
258 2900 372 2969 jemand
391 2917 425 2952 au
444 2899 518 2953 liobe
537 2900 648 2967 wellen,
700 2915 804 2953 nomen
818 2898 1033 2966 eingesehoben.
1052 2898 1129 2953 Brut.
1143 2905 1185 2953 34.
1198 2904 1263 2954 128:

85 2969 421 3096 elreshlsslde
438 2968 648 3097 Vdallrlm
701 2969 956 3110 {idduae-ala
969 2970 1266 3109 'lllllllelld

211 3085 217 3097 .
278 3083 284 3096 .
325 3082 332 3094 .
422 3083 428 3095 .
581 3071 647 3096 .—
958 3063 965 3108 ς
1031 3082 1036 3094 .
1089 3084 1094 3096 .
1140 3083 1146 3096 .
1201 3083 1208 3097 .
1257 3081 1265 3095 .

86 3115 171 3183 euplo
192 3129 249 3168 aaa
273 3113 331 3183 etc]
356 3112 411 3166 Der
430 3111 499 3165 Sinn
521 3113 570 3167 ist:
598 3111 648 3167 Ieh
704 3113 1088 3183 1.1.-9rutus..c‘ucandas]
1097 3111 1232 3168 sarra
1241 3119 1265 3170 1.

84 3183 200 3239 mochis
223 3183 268 3237 dir
285 3182 365 3238 nicht
387 3200 472 3252 gerne
491 3182 646 3238 besehwer·
702 3214 736 3224 —
750 3200 835 3253 aeque
850 3221 875 3239 ..
889 3183 1014 3255 causam]
1029 3182 1117 3238 Nichl
1130 3183 1204 3238 bloss
1215 3184 1266 3238 des

87 3255 147 3310 lich
179 3254 266 3309 fallen
303 3253 391 3309 durch
427 3253 539 3307 meinen
572 3253 649 3308 Eifer
701 3253 792 3309 Todes
810 3255 902 3309 seiner
915 3253 1036 3309 Tochter
1050 3270 1148 3325 wegen
1162 3254 1219 3325 gab
1234 3272 1265 3310 es

86 3327 212 3396 (studio),
222 3326 279 3379 und
289 3325 402 3379 mdchle
412 3323 479 3377 dieh
490 3324 563 3379 doch
577 3327 648 3379 auch
702 3327 748 3380 fur
761 3323 810 3378 ihn
824 3325 918 3381 nichts
928 3325 1117 3381 Erfreuliches
1129 3327 1216 3380 mehr.
1229 3357 1264 3367 -

87 3396 648 3467 dringendermshnen(deterrere)‚deine
701 3397 833 3466 remedio]
853 3415 881 3450 n.
901 3398 998 3465 emim,
1023 3414 1066 3452 res
1085 3415 1132 3467 μ,
1150 3397 1264 3453 litterae.

88 3466 282 3523 hebensweise
297 3466 483 3535 aufaugebem
503 3466 573 3521 thus
586 3468 648 3522 also
739 3473 764 3522 2.
783 3468 845 3523 heb.
860 3468 943 3538 caim]
958 3467 988 3522 L.
1004 3466 1080 3522 kann
1099 3467 1264 3536 beurteilen‚

86 3537 233 3594 enlweder
250 3538 300 3591 das
319 3537 396 3605 eine,
420 3537 488 3591 oder
505 3536 594 3591 nimm
613 3553 649 3592 an
704 3537 757 3591 wie
776 3538 849 3592 viele
867 3539 1017 3606 gehlieben
1035 3538 1109 3604 sind,
1133 3537 1199 3592 weil
1224 3539 1267 3593 sie

86 3610 154 3664 dem
187 3608 310 3663 anderen
345 3609 514 3678 wenigstens
547 3607 650 3663 lreinen
704 3608 928 3678 gemeinschaftl.
947 3607 1076 3664 Freunde
1099 3609 1206 3663 hatten.
1229 3640 1265 3649 -

85 3679 215 3736 Anatole,
704 3679 906 3750 obduruerant]
922 3679 968 3734 Sis
982 3680 1046 3735 sind
1060 3680 1202 3749 geffihllos
1215 3695 1263 3749 ge·

124 3751 215 3805 Errsr.
232 3749 305 3805 XVI.
325 3753 397 3820 (709.
412 3755 456 3805 45.
477 3749 563 3817 Juni.)
596 3749 652 3804 Der
703 3750 819 3805 worden
848 3754 906 3804 und
934 3752 1036 3805 wellen
1064 3750 1153 3804 daher
1184 3750 1265 3804 nichlz

87 3820 171 3877 Brief
186 3819 299 3876 enthalt
316 3820 362 3875 die
382 3822 512 3876 Antwort
529 3820 579 3875 auf
597 3821 652 3876 den
703 3822 779 3876 nach
803 3821 875 3876 Rom
898 3820 1121 3887 zurueklrehren‚
1146 3822 1266 3875 sondern

87 3892 347 3962 vorhergehenden.
704 3893 758 3945 wie
776 3890 814 3948 M.
829 3891 978 3946 Marcellus
997 3891 1153 3960 (s.111.1e.
1173 3891 1266 3961 me.)

126 3968 149 4018 1.
166 3979 244 4018 amor
264 3961 649 4033 bellonotus=Zuneigung‚
704 3961 794 4017 lieber
812 3960 842 4014 in
860 3961 910 4015 der
923 3963 1012 4017 Ferne
1030 3961 1122 4016 leben.
1138 3991 1173 4001 -
1190 3965 1265 4033 equi·

88 4035 132 4090 als
157 4034 229 4090 eafa
268 4076 275 4101 ‚
301 4033 348 4088 bei
372 4039 469 4103 matus
490 4051 517 4088 u.
542 4039 654 4089 etatae
706 4033 778 4104 dem]
791 4058 823 4078 ==
838 4031 1000 4101 allerdings.
1030 4033 1058 4086 S.
1068 4050 1101 4085 zu
1115 4038 1131 4097 ς
1147 4037 1170 4100 1,
1190 4032 1266 4088 denn

89 4133 125 4152 =
144 4104 294 4160 Ausdruclr
312 4105 361 4158 des
380 4102 505 4160 Gefdhls.
568 4108 652 4160 benso
706 4103 786 4159 nicht
795 4102 841 4158 die
851 4101 955 4157 Person
964 4102 1017 4157 soll
1031 4104 1265 4170 hervorgehoben

87 4176 123 4231 Il.
142 4182 226 4231 19.1.
264 4174 328 4245 Vgl.
348 4176 459 4231 libertas
474 4174 521 4228 IV.
537 4179 561 4228 ὃ.
576 4182 602 4230 2.
617 4205 652 4215 -
706 4173 827 4229 werden.
849 4203 882 4211 -
900 4172 1031 4242 oetmtas]
1053 4171 1123 4226 ‘alle
1141 4172 1267 4227 Freund·

87 4250 135 4303 elle
159 4245 282 4317 quidem]
305 4247 413 4315 quidem
439 4244 568 4300 schlielst
593 4246 652 4300 sich
706 4243 821 4310 sohaft’3
844 4259 866 4297 s.
885 4260 907 4296 z.
926 4241 973 4297 IV.
994 4247 1037 4296 14.
1056 4248 1082 4296 2.
1102 4272 1135 4283 -
1162 4244 1265 4299 Possu-

88 4336 160 4388 gern
174 4336 211 4372 an
226 4317 274 4371 ein
283 4318 413 4372 Pronum.
424 4332 468 4384 an,
483 4316 556 4370 auch
569 4332 653 4370 wenn
705 4314 812 4384 musae]
823 4339 857 4356 ε
868 4313 970 4367 Nouae
976 4329 1135 4382 pessumum
1152 4315 1209 4383 vgl.
1220 4316 1264 4370 ob.

90 4405 119 4444 es
142 4389 190 4443 ein
214 4387 333 4442 anderes
353 4387 436 4441 Wort
458 4386 652 4441 hervorheben
707 4390 748 4437 12.
767 4388 785 4436 4
807 4401 841 4436 zu
866 4383 949 4438 visua
991 4383 1138 4439 Demnach
1161 4384 1266 4440 ausser·

90 4459 151 4515 soll.
195 4460 235 4512 Zu
260 4458 325 4510 dem
348 4456 464 4511 Zwecke
487 4456 558 4509 wird
583 4472 652 4524 gern
704 4453 773 4509 halb
791 4455 841 4508 der
858 4454 949 4523 Frage
968 4453 1031 4510 ‘wir
1049 4455 1163 4510 konnen
1182 4455 1265 4524 also’;
