2998 4956
588 272 780 328 TERENTIA.

566 505 742 572 nussum
764 506 804 572 V.

542 627 599 697 (uu
616 629 684 682 fam.
701 627 774 685 mv.
794 631 830 698 u.)

387 750 541 807 TULLIUS
561 750 857 807 sursumsunt
878 751 980 808 SUAE.
1031 760 1033 766 “

187 877 221 943 si
248 883 284 943 tu
312 883 346 943 et
368 878 488 964 Tullia,
514 881 570 943 lux
598 882 724 961 nostra,
752 880 882 962 voletis,
910 901 970 965 ego
997 883 1032 944 et
1060 882 1304 948 suavissimusl

96 966 211 1033 Cicero
243 969 397 1033 valemus.
447 968 499 1033 Pr.
527 968 605 1036 Idus
633 967 702 1034 Oct
726 968 873 1034 Athenas
903 971 1061 1053 venimus,
1093 993 1166 1036 oum
1193 993 1270 1036 sane

96 1055 241 1121 adversis
264 1057 369 1121 ventis
393 1057 443 1121 usi
466 1078 609 1122 essemus
632 1057 787 1142 tardeque
810 1062 843 1122 et
860 1058 1064 1123 incommode
1082 1061 1270 1142 navigasse-

95 1167 178 1210 mus.
225 1143 273 1209 De
297 1166 380 1209 nave
404 1146 595 1210 exeuntibus
617 1145 714 1211 nobis
737 1147 876 1211 Acastus
900 1169 973 1212 oum
995 1148 1114 1213 litteris
1137 1154 1269 1232 praesto

95 1232 162 1297 fuit
189 1255 253 1298 uno
282 1239 315 1298 et
340 1235 492 1300 vicesimo
518 1235 582 1319 die,
609 1256 688 1299 sene
711 1239 850 1301 strenue.
896 1235 1016 1319 Accepi
1037 1239 1111 1301 tuos
1134 1236 1271 1322 litteras,

97 1322 215 1406 quibus
247 1322 392 1387 intellexi
424 1327 457 1387 te
489 1323 606 1407 vereri,
636 1345 677 1388 ne
710 1324 892 1407 superiores
924 1324 1006 1389 mihi
1032 1325 1178 1390 redditae
1204 1347 1270 1390 non

96 1413 217 1495 essent3
245 1433 357 1477 omnes
385 1415 462 1477 sunt
489 1412 633 1477 redditae
656 1412 971 1497 diligentissimeque
993 1435 1013 1478 o
1035 1417 1068 1478 te
1090 1415 1271 1499 perscripta

96 1504 175 1564 sunt
197 1502 319 1584 omniu,
349 1501 445 1585 idque
469 1502 550 1565 mihi
573 1502 794 1587 gratissimum
817 1501 891 1566 fuit.
935 1500 1049 1587 Neque
1072 1524 1143 1567 sum
1167 1502 1270 1568 edmi-

95 1593 186 1652 ratus
205 1588 290 1653 hunc
309 1589 490 1675 epistulam,
508 1612 604 1674 quom
624 1591 762 1656 Acastus
782 1590 904 1674 attulit,
921 1590 1051 1655 brevem
1070 1591 1182 1677 fuisse3
1203 1593 1269 1656 ium

95 1677 183 1741 enim
210 1699 262 1742 mo
289 1678 396 1762 ipsum
424 1684 590 1763 exspectes
618 1680 686 1744 sive
713 1701 774 1745 nos
800 1679 904 1764 ipsos,
932 1679 988 1763 qui
1016 1679 1144 1764 quidem
1172 1702 1270 1765 quem

95 1766 238 1848 primum
267 1767 388 1832 advos
412 1769 522 1833 venire
545 1767 705 1852 cupimus,
733 1768 808 1852 etsi,
835 1769 870 1832 in
894 1790 991 1852 quam
1013 1790 1081 1833 rem
1105 1770 1269 1852 publicam

94 1855 276 1937 ueniamus,
312 1855 486 1939 intelleg03
522 1856 660 1938 cognovi
695 1857 782 1921 enim
814 1878 853 1920 ex
885 1856 1062 1921 multorum
1094 1859 1270 1923 amicorum

93 1942 231 2025 litteris,
254 1964 333 2025 quas
358 1944 470 2008 attulit
493 1944 647 2028 Acastus,
669 1944 711 2008 ad
734 1966 824 2008 armo
847 1965 915 2007 rem
938 1949 1099 2029 spectare,
1121 1949 1158 2011 ut
1180 1946 1270 2025 mihi,

93 2051 172 2094 cum
195 2052 322 2115 venero,
345 2031 550 2097 dissimulare
573 2054 638 2097 non
660 2033 764 2116 liceat,
787 2031 863 2116 quid
888 2033 1035 2097 sentiam.
1073 2031 1145 2116 Sed,
1168 2056 1269 2119 quon-

94 2118 164 2183 ium
188 2119 355 2184 subeunda
377 2120 509 2185 fortuna
532 2123 592 2203 est,
614 2142 653 2186 eo
676 2121 773 2186 citius
792 2120 941 2186 dabimus
960 2143 1092 2205 operam
1110 2125 1147 2186 ut
1164 2123 1269 2187 venie·

95 2228 183 2291 mus,
217 2229 281 2291 quo
313 2208 439 2273 facilius
468 2209 506 2274 de
533 2213 605 2275 toto
631 2231 666 2274 ro
693 2210 915 2274 deliberemus.
964 2210 1014 2275 Tu
1041 2210 1151 2295 velim,
1184 2212 1269 2296 quod

95 2296 266 2360 commodo
285 2297 479 2362 valetudinis
496 2304 572 2363 tuae
586 2297 653 2381 fiat,
672 2320 769 2384 quam
784 2297 973 2382 longissimo
986 2299 1119 2384 poteris,
1138 2300 1268 2366 obviam

94 2384 191 2449 nobis
215 2385 360 2467 prodeas.

187 2472 236 2537 De
271 2473 449 2538 hereditate
486 2474 643 2540 Preciana
678 2511 715 2522 -
751 2496 831 2559 queo
868 2475 997 2560 quidem
1033 2476 1113 2540 mihi
1149 2480 1303 2563 magnei

95 2560 202 2626 dolori
229 2565 291 2647 est3
320 2561 411 2626 valde
439 2563 523 2627 onim
550 2563 642 2628 illum
666 2565 772 2628 emavi
798 2600 851 2647 -,
879 2564 935 2629 sed
957 2563 1021 2628 hoo
1042 2566 1140 2629 velim
1164 2587 1269 2632 cures:

94 2651 126 2715 si
168 2649 275 2715 auctio
316 2655 392 2715 ante
427 2673 534 2716 meum
575 2652 749 2717 adventum
784 2653 855 2735 fiet,
895 2657 932 2717 ut
966 2651 1176 2738 Pomponius,
1213 2659 1270 2720 aut

133 2875 221 2932 Errsu.
231 2877 265 2932 V.
279 2878 350 2948 (⁵104.
362 2881 415 2948 to.)
430 2878 527 2933 (locro
541 2877 653 2933 schrieb
707 2876 821 2947 regelm.
836 2877 999 2932 Verbindun
1037 2877 1121 2932 1.1.o
1135 2894 1162 2932 u.
1182 2880 1267 2933 sonst.

95 2947 196 3002 diesen
209 2948 287 3002 Brict'
303 2950 354 3003 auf
369 2950 419 3005 der
432 2948 585 3004 Rdckreise
603 2965 654 3003 our
709 2980 741 2989 -
761 2949 892 3018 Acastus]
916 2946 998 3004 einS
1032 2965 1092 3005 ove.
1111 2979 1145 2989 -
1164 2965 1220 3004 utto
1244 2956 1269 3006 ct

96 3018 218 3074 Cilicien
230 3019 260 3073 in
270 3019 372 3088 Athen,
387 3037 469 3076 woer
479 3035 525 3074 om
536 3024 577 3075 14.
589 3020 653 3076 Okt.
706 3021 832 3075 vicecom
850 3020 906 3092 dic]
925 3022 998 3074 noch
1015 3019 1066 3075 der
1078 3017 1194 3074 Abreise
1212 3036 1267 3076 von

96 3090 212 3158 autom,
229 3091 369 3145 nachdem
388 3107 418 3146 er
436 3107 482 3145 em
501 3098 525 3145 1.
542 3091 605 3147 ort.
620 3109 655 3145 zu
707 3090 789 3146 Rom.
819 3091 840 3146 l.
860 3095 902 3146 1⁷.
922 3096 936 3144 1
956 3089 1114 3159 gebruuoht
1130 3091 1180 3146 der
1197 3090 1268 3147 Bote

96 3162 226 3231 Ephesus
239 3161 270 3215 in
284 3161 337 3216 See
351 3178 505 3232 gegangcn
524 3161 656 3217 Terentia
707 3179 763 3218 von
776 3161 848 3217 Rom
864 3161 938 3216 noch
951 3162 1045 3217 Athen
1059 3168 1093 3217 46
1103 3162 1190 3233 Tege,
1210 3180 1268 3219 wes

96 3249 157 3287 war
175 3233 283 3288 damula
302 3232 330 3286 in
344 3232 654 3304 Rom‚beobsicl1tigtc
707 3233 750 3288 els
779 3234 843 3288 sehr
869 3233 926 3288 viel
949 3232 1114 3289 bezeichnet
1134 3233 1213 3290 wird.
1233 3265 1268 3275 -

95 3302 178 3371 aber,
205 3306 269 3359 dem
291 3303 529 3360 heimkehrenden
551 3305 656 3360 Gotten
710 3307 774 3360 dire.
792 3304 959 3376 conticeat]
979 3305 1043 3359 weil
1062 3305 1108 3360 die
1122 3305 1199 3375 Lege
1218 3305 1268 3360 der

94 3376 237 3444 entgegen
256 3392 290 3428 zu
308 3375 407 3444 gehen.
709 3375 801 3445 Dingo
825 3394 886 3430 zum
904 3374 1008 3444 Kriege
1026 3375 1163 3431 zwisohen
1182 3375 1268 3432 Otser

708 3446 766 3500 und
785 3446 935 3517 Pompejus
954 3447 1011 3501 und
1030 3447 1121 3502 drmit
1139 3463 1187 3501 nur
1201 3448 1268 3502 Ent-

134 3523 159 3570 1.
178 3514 211 3570 Si
229 3556 236 3572 .
251 3557 257 3570 .
274 3558 280 3571 .
298 3517 429 3588 volemus]
449 3518 492 3572 Im
510 3517 655 3586 Eingonge
710 3516 866 3585 scheidung
901 3519 1028 3587 drtngto.
1056 3547 1090 3558 -
1118 3519 1266 3590 commodo]

95 3606 129 3640 zu
149 3587 226 3641 Fam.
245 3586 317 3643 XIV.
336 3593 369 3642 14
387 3588 473 3643 heisst
490 3605 520 3643 es
539 3590 653 3642 ebenso:
708 3588 772 3643 Abl.
785 3587 1019 3643 curBezeichnun
1049 3587 1265 3657 desbegleiten·

95 3658 130 3714 Si
143 3674 191 3712 oet
199 3658 305 3724 coletis,
317 3675 367 3714 ooo
375 3661 502 3716 colemus.
522 3660 577 3714 Der
586 3658 655 3712 Sion
708 3659 763 3713 den
794 3660 969 3717 Umstundes.
1016 3606 1080 3728 lgl.
1117 3658 1163 3712 die
1199 3659 1268 3712 thn-

96 3729 191 3782 dieser
204 3728 315 3784 Formel
333 3731 444 3800 ergiebt
461 3729 521 3785 sich
535 3747 585 3784 aus
600 3729 655 3783 den
707 3728 802 3784 lichen
833 3729 964 3786 llormeln
990 3729 1025 3785 11.
1048 3735 1091 3784 st.
1115 3735 1144 3794 43
1181 3727 1265 3784 111.1

95 3798 579 3871 Schlulswortenderfolg.Briefes.
590 3799 653 3869 vgt
708 3818 735 3854 u.
754 3800 801 3854 111.
814 3807 863 3866 tt.
883 3806 908 3856 2.

95 3870 172 3924 auch
190 3870 210 3925 Ι.
228 3875 269 3926 18.
284 3877 318 3926 46
336 3874 406 3927 extr.
426 3903 460 3913 -
477 3873 656 3927 sooriesimoe
744 3878 760 3924 2
788 3872 832 3926 Dc
850 3913 856 3926 .
877 3913 883 3926 .
903 3870 1053 3942 Preciano]
1072 3871 1127 3924 Der
1145 3870 1264 3925 Rechts-

97 3942 207 4013 Giccro]
221 3940 656 3998 Cicerohetteseinensohnbei
709 3940 837 4012 gelehrte
855 3941 1005 3996 Precianus
1023 3942 1103 3996 hatte
1118 3940 1146 3995 C.
1165 3939 1195 3994 in
1212 3939 1268 3994 sei-

95 4012 168 4079 sieh,
189 4018 239 4067 der
251 4012 312 4068 ihm
324 4014 378 4068 mit
391 4014 455 4068 dem
465 4013 557 4068 Sohne
567 4012 657 4068 seinos
709 4031 774 4067 nem
790 4012 969 4068 Testamento
987 4011 1117 4066 bodocht.
1143 4011 1194 4067 Bei
1211 4010 1267 4067 den

96 4083 219 4139 Bruders
239 4084 359 4151 Quintus
382 4086 456 4140 nach
475 4083 591 4138 Cilicien
608 4101 655 4153 ge·
709 4084 832 4139 Romern
854 4100 913 4138 wer
931 4098 961 4136 es
980 4081 1065 4150 Sitte,
1089 4081 1191 4136 keinen
1210 4099 1266 4137 von

98 4154 174 4224 folgt
209 4173 276 4210 wer.
305 4187 339 4196 -
367 4155 420 4210 Die
457 4155 655 4210 unmittelbore
711 4156 813 4220 denen,
837 4153 891 4208 mit
908 4154 997 4207 denen
1016 4170 1082 4208 mon
1101 4153 1130 4206 in
1148 4154 1267 4209 nthcrer

96 4223 657 4295 Verbindunglobenderodertedelnder
709 4225 894 4293 Verbindung
912 4224 1006 4292 stood,
1028 4225 1068 4279 im
1086 4222 1266 4280 Testamento

97 4295 243 4351 Attribute
270 4296 325 4353 mit
350 4297 542 4367 Eigenncmen
569 4297 657 4353 findet
710 4314 744 4350 zu
771 4298 940 4366 dbergehen.
959 4325 994 4336 -
1012 4296 1071 4367 scd]
1099 4296 1173 4352 noch
1201 4296 1265 4352 dem

100 4366 159 4422 sich
170 4367 251 4423 oftin
260 4367 476 4424 derfamilitren
483 4369 652 4424 Redeweise.
710 4367 930 4423 Zwischensutze
944 4367 1267 4423 zurWiederoufnohme

98 4436 162 4508 Vgl.
182 4444 242 4506 §23
261 4438 366 4509 1.r.e;
385 4428 580 4497 tollberschr.
602 4438 655 4495 Die
709 4438 758 4495 des
795 4439 969 4496 Godonkens.
1011 4440 1038 4495 S.
1062 4438 1110 4494 lll.
1133 4446 1158 4494 t.
1183 4444 1207 4494 2.
1232 4467 1266 4479 -
