2998 4956
203 301 246 365 36
472 358 482 375 Ι
646 298 714 353 Llss.
734 299 754 351 1,
792 297 904 354 EPIST.
926 305 966 353 ra.

204 462 345 548 negotiis
365 462 516 526 libertate
536 482 594 526 sua
612 461 723 526 usuri?
756 460 839 537 Quid
857 461 974 525 horum
993 460 1064 546 fuit,
1087 460 1172 546 quod
1191 483 1257 526 non
1276 461 1380 546 prius,

204 573 301 636 quam
325 551 436 615 datum
461 554 519 634 est,
542 550 727 634 ademptum
752 550 816 614 sit?

292 637 350 704 ‘Aa
377 661 454 704 vero
480 640 601 703 malum
626 644 676 703 est
699 639 820 703 liberos
844 636 1013 703 amittere?
1060 636 1199 703 Malum:
1227 638 1291 702 nisi
1314 639 1379 703 hoo

168 729 190 793 4
203 727 295 812 peius
319 729 371 805 sit,
394 727 474 793 haee
498 728 630 793 sufferre
655 731 688 792 et
710 727 845 810 perpeti.
879 726 1042 803 Quaeres
1067 727 1148 790 mihi
1171 748 1237 791 non
1255 727 1380 791 medio·

197 839 290 883 orem
321 816 575 882 consolationem
600 816 725 899 attulit,
753 816 828 880 volo
852 814 914 879 tibi
946 836 1211 897 commemorare,
1241 816 1269 879 si
1292 815 1379 880 forte

204 906 316 970 eadem
339 927 391 970 res
414 905 475 969 tibi
499 905 642 969 dolorem
665 906 810 969 minuere
832 904 947 987 possit.
981 903 1031 967 Ex
1050 903 1130 967 Asia
1152 904 1278 969 rediens
1302 926 1378 968 cum

204 995 245 1058 ab
266 995 392 1079 Aegina
411 993 577 1079 Megaram
602 1015 713 1058 versus
737 993 935 1079 navigarem,
958 993 1049 1075 coepi
1071 996 1220 1076 regiones
1244 993 1379 1057 circum·

204 1083 289 1148 circa
307 1083 506 1167 prospicere:
527 1085 603 1166 post
620 1104 672 1146 me
692 1085 763 1146 erat
781 1080 918 1166 Aegina,
938 1085 1012 1145 ante
1032 1103 1083 1145 me
1101 1080 1245 1166 Megara,
1264 1081 1378 1146 dextra

205 1171 354 1255 Piraeus,
391 1172 526 1257 sinistra
559 1169 749 1255 Corinthus3
786 1191 867 1255 quae
904 1170 1025 1253 oppida
1058 1169 1197 1255 quodam
1229 1174 1378 1254 tempore

205 1261 482 1325 florentissimima
508 1260 652 1344 fuerunt,
679 1281 764 1324 nune
789 1262 954 1343 prostrata
981 1262 1014 1322 e't
1039 1257 1145 1323 diruta
1169 1263 1243 1323 ante
1267 1259 1378 1324 oculos

204 1351 320 1413 iacent.
354 1347 456 1433 Coepi
480 1351 611 1432 egomet
634 1370 759 1413 mecum
783 1349 830 1413 sie
852 1348 1009 1432 cogitare:
1033 1346 1132 1411 ‘heml
1156 1369 1216 1412 nos
1239 1348 1378 1412 homon-

205 1438 268 1503 culi
292 1437 508 1523 indignamur,
531 1438 559 1501 si
583 1437 655 1521 quis
679 1440 826 1501 nostrum
850 1437 973 1501 interiit
996 1439 1052 1500 aut
1071 1437 1195 1501 occisus
1215 1439 1274 1519 est,
1299 1458 1376 1521 quo·

203 1548 276 1590 rum
299 1527 369 1590 vita
392 1527 520 1590 brevior
544 1547 613 1591 esse
637 1525 742 1608 debet,
765 1547 838 1590 cum
860 1547 926 1589 uno
949 1526 1021 1589 loco
1039 1527 1091 1590 tot
1110 1525 1264 1609 oppidum
1284 1525 1378 1590 eada·

205 1637 282 1679 vera
299 1615 446 1699 proiecta
464 1614 593 1679 iacent?
616 1613 718 1679 Visne
737 1619 773 1679 tu
792 1619 832 1695 te,
853 1612 953 1691 Servi,
972 1613 1122 1679 cohibere
1142 1620 1175 1678 et
1193 1615 1378 1678 meminisse

203 1703 371 1768 hominem
402 1708 435 1768 te
468 1725 538 1767 esse
571 1701 719 1768 natumt'
765 1701 867 1768 Crede
895 1702 989 1786 mihi,
1021 1703 1218 1788 cogitatione
1246 1724 1284 1766 ea
1310 1724 1378 1767 non

205 1792 412 1856 mediocriter
440 1815 512 1857 sum
535 1793 754 1857 confirmatus.
799 1790 872 1856 Hoc
893 1790 994 1873 idem,
1021 1792 1049 1854 si
1072 1791 1133 1855 tihi
1156 1791 1296 1873 ridetur,
1325 1791 1377 1856 fac

206 1884 281 1945 ante
301 1881 410 1945 oculos
429 1881 490 1945 tibi
509 1902 685 1965 proponas:
705 1880 802 1945 modo
821 1901 886 1944 uno
903 1882 1051 1964 tempore
1065 1884 1116 1945 tot
1129 1881 1191 1944 viri
1206 1879 1377 1945 clarissimi

203 1969 412 2053 interierunt,
439 1970 478 2034 de
505 1969 641 2052 imperio
670 1970 783 2053 populi
806 1968 947 2033 Romani
969 1974 1065 2033 tanta
1088 1968 1267 2033 deminutio
1290 1968 1378 2034 facta

205 2061 264 2141 est,
287 2080 399 2124 omnes
422 2060 610 2141 provinciae
634 2061 871 2143 conquassatae
891 2061 979 2122 sunt:
1002 2058 1037 2121 in
1055 2058 1151 2122 unius
1171 2057 1377 2122 mulierculae

204 2148 348 2212 animula
376 2147 404 2212 si
431 2148 556 2212 iactura
584 2146 672 2212 facta
700 2150 763 2229 est,
790 2150 883 2211 tanto
912 2168 1006 2227 opere
1034 2146 1269 2211 commoveris?
1298 2168 1378 2231 quae
1487 2224 1488 2227 Ἴ

205 2238 232 2300 si
265 2236 327 2302 hoe
359 2241 504 2320 tempore
536 2256 604 2298 non
635 2235 719 2300 diem
748 2257 843 2299 suum
871 2235 1008 2313 obisset,
1040 2237 1152 2319 paucis
1179 2238 1256 2319 post
1284 2236 1377 2299 annis
1486 2282 1488 2305 ,

169 2325 315 2389 5tamen
338 2325 368 2388 ei
391 2324 591 2388 moriendum
616 2323 687 2407 fuit,
711 2323 864 2408 quoniam
887 2322 986 2388 homo
1010 2328 1089 2388 nata
1111 2323 1226 2389 fuerat.
1266 2323 1377 2388 Etiam

205 2416 242 2477 tu
266 2414 307 2478 ab
331 2413 418 2476 hisce
442 2412 538 2476 rebus
563 2411 707 2475 animum
731 2433 768 2476 ae
792 2412 1024 2496 cogitationem
1047 2416 1138 2477 tuam
1163 2434 1263 2477 avoca
1282 2417 1378 2497 atque

203 2620 231 2675 d.
251 2620 268 2674 i.
293 2636 344 2674 sna
361 2619 511 2685 industria,
535 2620 575 2675 im
593 2618 766 2689 Gegensatze
819 2621 938 2691 Megara
981 2639 1040 2677 war
1084 2621 1103 2678 i.
1137 2623 1162 2678 J.
1195 2628 1247 2677 30⁷
1292 2621 1381 2678 durch

203 2710 238 2745 zu
261 2709 279 2745 a
297 2696 413 2760 parente
430 2693 570 2748 traditam.
591 2722 626 2732 -
643 2693 767 2747 libertate
821 2692 979 2747 Demetrius
1028 2692 1199 2748 Poliorcetes
1253 2695 1378 2761 serstort,

203 2762 607 2889 recrescens
820 2764 939 2889 serr
953 2763 1302 2890 accersas.
1316 2765 1381 2888 err

205 2835 312 2958 iilfaus
332 2905 397 2959 dem
411 2878 666 2975 Vorhergehenden
682 2910 768 2960 eareat
821 2906 940 2961 Piraeos
957 2852 1036 2960 hattge
1056 2904 1135 2960 Sulla
1152 2907 1192 2960 im
1210 2874 1381 2959 Mithridati-

205 2994 239 3029 zu
273 2981 419 3043 erg‘annen.
465 2976 517 3029 Die
550 2974 768 3029 Handschriften
823 2977 908 3031 schen
935 2976 1038 3058 Kriege
1065 2978 1084 3030 i.
1107 2977 1133 3032 J.
1157 2981 1205 3044 86,
1234 2976 1382 3032 Corinthos
1483 2974 1486 3023 l

204 3045 298 3099 haben
311 3048 363 3112 uli,
378 3063 456 3101 wozu
468 3047 521 3099 mit
530 3045 669 3116 grtlserer
679 3047 766 3099 Harte
820 3046 971 3100 Mummius
1008 3064 1026 3100 1.
1052 3047 1078 3103 J.
1103 3053 1155 3102 146
1187 3049 1313 3104 zerstdrt.
1347 3078 1380 3088 -

200 3122 313 3186 possent
335 3118 452 3184 ergtnat
471 3119 582 3171 werden
600 3115 711 3170 mfisste.
732 3146 765 3156 -
824 3117 917 3189 Visae]
943 3115 1040 3172 Willst
1062 3117 1101 3171 du
1122 3119 1220 3174 nicht?
1258 3118 1340 3173 Catil.
1359 3118 1381 3174 Ι.

206 3187 282 3258 Quid
296 3227 320 3242 ..
335 3188 490 3256 ademptum
503 3186 551 3258 sit]
570 3185 676 3240 Tulliae
690 3187 767 3240 Sohn
820 3194 845 3241 3.
861 3194 889 3242 ἵε
909 3188 1110 3243 meministine?
1135 3190 1218 3245 Ture.
1233 3189 1267 3245 II.
1277 3195 1320 3245 26.
1331 3195 1379 3244 62:

203 3258 299 3311 wurde
323 3256 458 3324 geboren,
488 3258 529 3311 als
553 3256 639 3312 Otsar
661 3257 767 3312 bereite
826 3259 1195 3315 Videmueued—-homiaem
1209 3261 1381 3333 tractam]

207 3327 252 3382 die
271 3327 382 3381 Gewalt
403 3326 434 3381 in
452 3328 570 3382 Handen
588 3328 677 3384 hatte.
715 3327 767 3383 Die
820 3330 879 3384 Att.
897 3329 957 3383 XV.
979 3337 1002 3385 1.
1023 3337 1051 3385 1:
1080 3349 1112 3387 cu
1139 3333 1297 3387 condicione
1319 3335 1383 3387 uati

203 3399 303 3454 Worte
317 3415 373 3452 rem
386 3404 531 3466 operante
545 3439 569 3454 ..
580 3403 692 3468 possem
704 3399 768 3453 sind
820 3416 927 3470 aumas,
954 3407 987 3457 ut
1008 3403 1093 3472 achil,
1115 3404 1188 3473 quod
1210 3403 1314 3457 homiui
1337 3420 1381 3459 ac·

204 3469 280 3525 wohl
299 3469 377 3524 nicht
395 3470 466 3524 ohne
481 3468 643 3538 Beziehung
658 3470 708 3523 anf
721 3469 767 3524 die
822 3473 910 3527 cidere
924 3474 1023 3542 possit,
1039 3491 1164 3529 recusare
1181 3474 1332 3529 debeamus.
1348 3504 1383 3514 -

204 3540 452 3609 Versohwendung
469 3539 545 3595 ihres
564 3541 668 3595 Gatten
682 3542 765 3596 Dola·
821 3543 913 3615 modo]
932 3546 1005 3599 noch
1022 3562 1073 3599 vor
1091 3546 1213 3613 kuraem,
1232 3544 1317 3598 nhml.
1334 3543 1381 3599 bei

205 3611 282 3666 bella
299 3610 490 3680 geschrieben.
506 3643 541 3653 —
555 3613 613 3667 uici
621 3613 704 3681 pctus
717 3613 767 3736 sit}
821 3613 972 3669 Pharsalus
1003 3615 1063 3668 und
1089 3615 1120 3669 in
1147 3616 1202 3670 den
1229 3613 1382 3685 folgenden

204 3681 257 3736 Die
266 3681 475 3752 Bereehtigung
489 3683 539 3738 des
548 3682 686 3737 Einwurfs
697 3682 746 3736 wir
820 3683 968 3755 Kamplen.
980 3717 1012 3726 -—
1023 3686 1149 3758 imperio]
1161 3684 1248 3742 Nieht
1256 3687 1306 3740 der
1314 3685 1382 3740 Um-

204 3755 364 3822 angegeben
374 3756 427 3808 mit
436 3753 596 3809 Ausnahme
606 3755 655 3808 des
665 3753 766 3820 Falles,
820 3756 890 3826 fang
908 3758 957 3811 des
975 3756 1109 3826 Reiehes,
1133 3757 1200 3811 aber
1218 3757 1263 3811 die
1283 3757 1381 3811 Macht
1482 3806 1483 3817 ,

205 3823 266 3879 dass
281 3842 310 3879 es
324 3825 484 3879 schlimmer
493 3826 532 3879 ist
541 3842 567 3878 u.
576 3842 766 3892 s.w.=·nur,
821 3826 870 3882 dec
896 3828 965 3896 Pop.
993 3827 1072 3882 Rom.
1100 3844 1158 3882 war
1184 3828 1381 3897 geschmalert.

200 3895 341 3965 jedoch,
358 3895 520 3952 adversatis⁷
538 3921 572 3942 =
589 3897 644 3950 sed.
819 3928 853 3936 —-
868 3915 947 3967 pron.
965 3898 1074 3970 roaga]
1098 3897 1187 3953 durch
1205 3900 1259 3953 den
1277 3897 1384 3968 Kampl

240 3973 265 4025 4.
289 3968 396 4038 caudit]
420 3965 476 4021 Der
495 3967 637 4022 Indilrativ
659 3966 698 4021 im
722 3966 764 4019 in·
819 3968 958 4023 zwischen
977 3970 1032 4023 den
1045 3971 1216 4039 Anhtngern
1230 3970 1279 4023 des
1294 3967 1380 4024 Gasar

204 4036 333 4092 direlrteu
356 4037 521 4108 Fragesatze
544 4038 640 4092 wurde
664 4038 691 4091 in
716 4036 766 4091 der
819 4038 877 4091 und
901 4041 950 4093 des
975 4039 1134 4110 Pompejus.
1154 4071 1187 4080 -
1205 4041 1382 4096 mulierculae
1481 4092 1482 4095 ,

204 4107 313 4163 alteren
336 4109 460 4178 Sprache
487 4108 545 4161 und
572 4108 600 4162 in
627 4109 676 4162 der
698 4107 764 4161 Um·
818 4110 1003 4181 aaimcloJSo
1016 4109 1383 4179 passenddieDemiuutiva

203 4180 411 4248 gangsspraehe
434 4180 529 4248 htnfig
547 4177 709 4249 gebraucht.
731 4208 764 4217 -
818 4178 880 4233 hier
907 4179 983 4248 sind,
1014 4182 1127 4237 konnen
1158 4181 1209 4236 wir
1240 4182 1279 4235 sie
1307 4181 1382 4237 doch

204 4252 230 4304 si
248 4249 327 4319 sorte]
348 4251 383 4304 oh
403 4251 485 4317 etwa,
506 4248 662 4305 ‘vielleicht
681 4247 765 4304 dals’.
818 4250 1110 4322 nichtwiedergeben.
1129 4241 1279 4307 llbersetae
1294 4255 1380 4307 eluat

205 4349 240 4359 -
263 4324 385 4389 regiones
412 4321 604 4443 circumviaret]1
629 4318 686 4375 Das
709 4319 765 4373 Ad·
821 4312 1382 4378 ‘schwachesweiblichesWesen’.chr
1480 4316 1481 4367 l

203 4389 294 4460 Jehtiv
349 4391 399 4444 auf
446 4390 620 4459 griechisce
670 4389 765 4444 Weise
820 4393 874 4446 den
893 4392 1042 4448 Gebrauch
1061 4396 1110 4449 der
1124 4393 1304 4450 Deminntiva
1320 4413 1342 4449 s.
1358 4412 1379 4448 r.

205 4460 293 4514 durch
335 4459 385 4515 das
424 4461 536 4517 Adverb
580 4460 689 4516 ersetat.
732 4491 765 4500 -
820 4461 841 4518 1.
858 4469 881 4518 1.
896 4470 921 4519 3.
936 4495 971 4505 -
985 4466 1056 4521 diem
1073 4482 1094 4520 s.
1110 4466 1219 4539 obisset]
1238 4464 1295 4520 Der
1308 4466 1381 4519 Aus-
