2998 4956
658 244 801 303 ruram.
1075 219 1078 225 ’
1273 242 1318 307 39

140 411 263 473 virtute
282 408 386 472 filium
404 407 553 491 perdidit,
572 407 613 472 iis
631 408 832 493 temporibus
851 407 990 491 fuerunt,
1008 410 1046 472 ut
1064 428 1174 472 eorum
1189 407 1316 471 luctum

61 494 64 500 ⁴
141 498 288 581 ipsorum
321 496 465 582 dignitas
493 497 714 561 consolaretur
741 519 792 578 ea,
825 519 924 581 quam
952 518 991 560 ex
1017 517 1052 560 re
1080 494 1212 580 publica
1240 516 1316 560 con·

141 585 376 670 sequebantur;
408 584 489 649 mihi
523 589 631 649 autem
664 585 791 649 arnissis
821 584 1020 650 ornamentis
1048 584 1102 668 iis,
1136 604 1218 668 quae
1245 584 1353 667 ipse2

140 695 377 739 commemoras
401 695 545 758 quaeque
568 696 657 737 eram
680 674 830 737 maximis
853 672 1020 738 laboribus
1045 672 1192 757 adeptus,
1214 694 1315 736 unum

142 762 298 826 manebat
325 761 407 825 illud
435 762 605 839 solacium,
634 762 719 845 quod
748 766 894 845 ereptum
923 765 982 826 est.
1031 760 1107 827 Non
1136 762 1316 826 amicorum

141 850 298 936 negotiis,
330 871 396 914 non
430 852 477 912 rei
510 850 657 933 publicae
686 851 915 934 procuratione
943 850 1203 934 impediebantur
1230 849 1317 933 cogi·

141 940 284 1003 tationes
311 960 415 1022 meae,
442 938 524 1002 nihil
551 941 586 1002 in
613 937 685 1004 foro
714 959 809 1023 agere
836 939 973 1019 libebat,
1001 938 1168 1022 adspicere
1191 938 1316 1002 curiam

142 1049 211 1092 non
232 1032 394 1111 poteram,
424 1027 663 1110 existimabam,
687 1028 720 1090 id
743 1027 829 1112 quod
852 1030 935 1110 erat,
958 1048 1070 1091 omnes
1094 1048 1145 1090 me
1168 1030 1201 1091 et
1223 1025 1316 1090 indu-

141 1116 243 1180 striae
267 1136 356 1180 meae
379 1115 504 1180 fructus
528 1119 561 1179 et
581 1115 731 1180 fortunae
753 1115 943 1200 perdidisse3
968 1114 1024 1179 sed
1045 1137 1117 1180 eum
1136 1115 1316 1199 cogitarem

140 1203 223 1268 haec
251 1203 333 1267 mihi
359 1206 466 1268 tecum
495 1209 528 1269 et
555 1227 627 1269 cum
651 1205 844 1289 quibusdam
868 1225 938 1269 esse
962 1204 1159 1282 communia,
1187 1206 1316 1268 etcum

142 1293 328 1377 frangerem
351 1292 417 1356 iam
440 1292 510 1375 ipse
529 1314 581 1357 me
599 1314 811 1379 cogeremque
829 1292 888 1358 illa
906 1293 990 1357 ferre
1008 1293 1194 1376 toleranter,
1216 1291 1316 1356 habe·

142 1381 219 1446 bam
244 1402 308 1464 quo
331 1380 549 1466 confugerem,
571 1382 629 1446 ubi
651 1382 919 1466 conquiescerem,
942 1381 1032 1446 cuius
1055 1381 1091 1444 in
1114 1401 1261 1446 sermone
1282 1384 1316 1444 et

140 1468 303 1534 suavitate
327 1491 438 1534 omnes
462 1491 555 1534 curas
579 1470 770 1555 doloresque
789 1472 997 1555 deponerem:
1021 1491 1106 1534 nunc
1125 1473 1233 1534 autem
1252 1469 1316 1534 hoc

141 1563 213 1623 tam
245 1558 338 1642 gravi
371 1558 502 1622 vulnere
534 1559 633 1623 etiam
663 1559 734 1642 illa,
765 1580 847 1643 quae
876 1559 1084 1624 consanuisse
1112 1557 1316 1641 videbantur,

142 1646 387 1729 recrudescunt,
419 1668 484 1711 non
514 1647 613 1729 enim,
646 1650 682 1711 ut
709 1651 779 1712 tum
808 1669 860 1711 me
887 1669 907 1711 a
934 1668 968 1711 re
996 1646 1128 1731 publica
1154 1650 1316 1711 maestum

143 1735 260 1799 domus
289 1735 481 1819 excipiebat,
513 1757 595 1820 quae
622 1736 760 1821 levaret,
788 1737 834 1800 sic
861 1756 947 1800 nunc
974 1735 1070 1801 domo
1098 1756 1245 1800 maerens
1275 1735 1316 1800 ad

144 1846 215 1888 rem
238 1823 404 1908 publicam
428 1823 602 1909 confugere
624 1845 767 1909 possum,
790 1828 827 1889 ut
844 1824 879 1887 in
899 1824 967 1888 eius
986 1824 1081 1889 bonis
1101 1823 1317 1909 adquiescam.

141 1912 257 1997 Itaque
281 1915 313 1976 et
335 1912 431 1977 domo
456 1912 573 1978 absum
595 1916 629 1976 et
650 1912 732 1996 fore,
755 1912 842 1998 quod
864 1932 923 1977 nec
946 1934 1020 1976 eum
1043 1912 1197 1986 dolorem,
1220 1934 1318 1997 quem

140 2001 183 2065 de
206 2022 240 2065 re
264 2001 392 2084 publica
415 2002 518 2086 sapic,
541 2001 654 2066 domus
677 2001 744 2066 iarn
767 2000 931 2066 consolari
953 2005 1062 2083 potest
1082 2021 1142 2064 nec
1165 2001 1316 2065 domesti-

100 2106 103 2110 ’
139 2112 216 2154 cum
238 2111 290 2153 res
313 2090 453 2173 publica.

233 2177 304 2254 Quo
328 2179 432 2262 magis
456 2183 490 2243 te
513 2182 663 2263 exspecto
678 2181 783 2263 ‚teque
806 2178 914 2243 videre
937 2199 1035 2261 quam
1057 2177 1198 2261 primum
1219 2177 1353 2261 cupi03

142 2302 186 2316 -
206 2268 311 2331 maius
335 2266 416 2330 mihi
439 2267 596 2332 solacium
619 2267 745 2331 adferre
768 2268 852 2331 ratio
875 2266 968 2331 nulla
989 2269 1101 2350 potest
1124 2288 1220 2351 quam
1242 2288 1316 2331 con-

142 2356 267 2421 iunctio
291 2355 535 2420 consuetudinis
559 2377 806 2441 sermonumque
829 2360 1014 2421 nostrorum
1041 2379 1095 2438 -3
1119 2376 1316 2440 quamquam

141 2445 319 2528 sperabam
353 2449 445 2508 tuum
478 2444 651 2509 adventum
677 2481 715 2492 -
742 2446 789 2509 sic
822 2445 907 2509 enim
939 2444 1110 2509 audiebam
1134 2481 1175 2490 —
1200 2465 1315 2529 appro-

139 2535 309 2619 pinquare.
355 2532 428 2618 Ego
455 2537 563 2597 autem
590 2556 664 2598 cum
691 2533 803 2598 multis
828 2534 866 2598 de
893 2532 997 2598 causis
1020 2536 1053 2597 te
1077 2535 1194 2617 exopto
1218 2554 1316 2618 quam

140 2623 284 2706 primum
314 2621 435 2704 videre,
462 2625 532 2686 tum
561 2623 673 2705 etiam,
700 2625 738 2686 ut
761 2625 837 2687 ante
860 2625 1115 2686 commentemur
1136 2624 1223 2685 inter
1245 2642 1316 2704 nos,

142 2733 208 2795 qua
226 2711 352 2775 ratione
370 2711 465 2775 nobis
484 2711 715 2775 traducendum
736 2710 859 2775 sithoc
877 2714 1015 2792 tempus,
1036 2709 1121 2793 quod
1140 2714 1191 2774 est
1208 2712 1316 2774 totum

143 2799 185 2863 ad
207 2799 304 2863 unius
327 2799 530 2864 voluntatem
549 2798 856 2864 accommodandum
881 2801 915 2862 et
933 2797 1100 2880 prudentis
1120 2799 1153 2861 et
1171 2797 1315 2861 liberalis

141 2891 188 2971 et,
216 2890 253 2951 ut
275 2888 481 2972 perspexisse
503 2887 627 2966 videor,
655 2909 716 2952 nee
739 2909 759 2951 a
781 2908 833 2950 me
856 2886 956 2951 alieni
979 2888 1012 2949 et
1033 2883 1095 2948 tibi
1118 2885 1316 2949 amicissimi.

142 2976 238 3052 Quod
262 2998 333 3041 cum
356 2976 403 3040 ita
424 2977 477 3058 sit,
499 2996 637 3062 magnae
655 2981 767 3040 tamen
785 2978 835 3039 est
853 2973 1106 3057 deliberationis,
1130 2995 1211 3058 quae
1230 2974 1315 3039 ratio

139 3064 186 3128 sit
214 3064 354 3129 ineunda
381 3064 491 3150 nobis,
517 3087 584 3130 non
607 3066 724 3150 agendi
748 3063 884 3148 aliquid,
914 3064 969 3128 sed
993 3062 1082 3126 illius
1106 3083 1260 3127 concessu
1283 3067 1317 3127 et

142 3154 301 3217 beneficio
325 3153 518 3237 quiescendi.
559 3151 652 3218 Vale.

178 3351 203 3400 2.
232 3345 303 3400 allud
329 3345 475 3416 celadum]
503 3343 628 3399 ntmlich
652 3344 703 3400 der
791 3351 817 3398 3.
831 3344 989 3415 advectum]
1010 3361 1059 3398 aus
1072 3343 1168 3412 Asien,
1187 3343 1224 3398 da
1238 3342 1317 3397 aeine

140 3416 276 3485 Umgang
303 3414 357 3470 mit
379 3415 480 3470 Tullia.
500 3447 534 3456 -
552 3417 703 3471 amicorum
756 3413 1019 3470 Statthalterschaft
1042 3433 1076 3468 au
1093 3414 1172 3467 Ende
1196 3431 1262 3470 wer.
1283 3444 1315 3454 -

141 3485 701 3557 caputiis]&ecesse—impediebamur]
755 3486 836 3610 rorate?¹
860 3487 947 3541 bever
973 3486 1019 3539 ich
1048 3502 1098 3539 aus
1121 3485 1227 3539 meiner
1249 3484 1317 3539 Ein-

140 3557 185 3611 sie
208 3558 324 3613 wurden
342 3556 422 3612 nicht
440 3557 469 3612 in
487 3557 636 3627 Anspruch
653 3574 702 3627 ge·
756 3574 817 3611 sam
838 3556 878 3610 eit
890 3556 1189 3623 undZurfickhaltung
1202 3554 1316 3610 hervor-

139 3644 283 3696 nommen‚
303 3627 382 3683 nicht
400 3627 555 3697 abgelenlxt
568 3645 623 3682 von
637 3629 702 3682 dem
755 3629 838 3695 treta,
852 3627 991 3682 wozuihn
1001 3625 1142 3696 Sulpicius
1152 3624 1192 3678 im
1203 3623 1317 3679 vcrher·
1415 3663 1420 3672 .

142 3697 555 3767 UngltckedesVaterlandes.
568 3698 701 3767 Vgl.Att.
756 3698 904 3768 gehenden
935 3697 1014 3753 Brief
1042 3696 1108 3751 tells
1139 3695 1234 3749 direlrt
1267 3697 1317 3766 (da

140 3769 204 3823 XII.
224 3774 267 3824 21.
287 3775 316 3825 5:
346 3771 420 3840 Quid
446 3771 520 3825 euim
546 3770 614 3824 miti
639 3786 702 3825 curn
750 3770 863 3839 patriae
894 3771 967 3838 eta),
1003 3767 1069 3823 tells
1100 3766 1226 3822 indirekt
1256 3765 1318 3820 auf·

140 3842 204 3908 fore
231 3842 292 3895 ciac
313 3842 441 3909 iudiciis,
467 3842 527 3896 aine
549 3842 642 3909 curia,
670 3843 702 3895 ἐκ
755 3838 900 3909 gefcrdert
922 3839 1012 3893 hatte.
1031 3870 1064 3879 -
1087 3837 1167 3907 Quod
1191 3853 1253 3892 cum
1274 3838 1318 3892 ita

141 3912 235 3966 oculor
252 3912 458 3968 incurrentibus
470 3913 517 3978 iis,
536 3928 603 3981 quoe
616 3927 701 3981 aequo
754 3911 803 3980 eit]
833 3912 907 3964 treta
935 3910 985 3964 der
1012 3908 1084 3963 eben
1107 3906 1317 3976 geschilderten

139 3984 237 4036 auimo
254 3983 345 4038 cidere
362 3999 420 4038 noo
436 3981 568 4050 possum?
586 4014 618 4022 -
636 4001 654 4037 a
672 3999 702 4037 rc
756 3979 918 4049 Gesinnung
955 3980 1004 4033 des
1040 3979 1248 4033 Machthabers.
1281 4009 1317 4018 -

139 4071 169 4122 p.
178 4055 321 4122 maenum]
337 4053 391 4107 ‘als
405 4052 453 4107 ich
466 4069 520 4108 von
531 4053 584 4106 den
595 4052 701 4108 Staats-
755 4067 825 4120 quoe
842 4051 916 4104 ratio
929 4066 949 4105 s.
963 4049 1017 4121 in]
1035 4047 1157 4105 welcher
1170 4049 1244 4119 Weg
1258 4048 1326 4114 ein·‚

139 4123 309 4193 geschbften
339 4123 518 4178 bekfimmert
546 4123 702 4178 fldchtete'.
756 4121 1318 4192 auschlagenistu.s.w.;vgl.zuapeodi

141 4224 178 4234 —
196 4195 230 4249 dc
254 4211 285 4249 re
302 4195 394 4265 publ]
423 4195 462 4248 Zu
485 4195 518 4250 de
540 4196 595 4263 vgl.
620 4212 643 4249 a,
666 4193 700 4248 ΙΙ.
756 4193 830 4248 ratio
848 4190 894 4247 ΠΙ.
916 4195 957 4246 16.
977 4197 1002 4246 3.
