2998 4956
237 286 280 351 60
665 285 733 339 arc.
752 285 773 341 Ι.
810 284 920 340 uersu.
942 292 983 342 18.

234 448 390 531 scriptus,
417 449 473 512 sed
501 448 541 512 ad
565 447 706 533 effigiem
730 447 808 512 iusti
831 447 975 531 imperii,
998 449 1090 514 cuius
1115 471 1243 513 summa
1265 450 1414 534 gravitas

234 537 274 600 ab
294 536 352 601 illo
371 536 568 620 philosopho
588 558 661 601 cum
681 536 840 621 singulari
859 538 1013 603 comitate
1033 537 1252 622 coniungitur,
1269 575 1307 586 —
1330 561 1409 623 quos

234 625 363 709 quidem
386 626 490 691 libros
513 647 578 690 non
597 626 667 690 sine
686 646 784 690 causa
802 627 914 689 noster
932 626 989 690 ille
1007 625 1184 691 Africanus
1203 627 1242 691 de
1260 629 1408 693 manibus

200 762 203 769 .
234 735 355 797 ponere
373 736 441 778 non
460 715 600 796 solebat;
623 714 750 778 nullum
769 718 821 778 est
839 715 924 778 enim
942 717 1207 798 praetermissum
1226 716 1261 779 in
1279 717 1320 781 iis
1340 717 1406 782 offi-

122 821 125 827 ’
235 803 320 866 cium
339 802 504 888 diligentis
529 807 562 867 et
584 802 742 867 moderati
765 802 903 887 imperii,
924 818 963 849 ’-
990 826 1092 888 eaque
1111 805 1139 868 si
1159 805 1206 869 sic
1227 805 1329 869 coluit
1346 805 1417 891 ille,

235 892 290 975 qui
316 891 464 975 privatus
492 890 619 956 futurus
646 913 823 976 numquam
846 891 922 975 fuit,
949 915 1091 976 quonam
1118 893 1215 958 modo
1243 894 1410 960 retinenda

235 983 311 1043 sunt
334 981 388 1063 iis,
412 981 530 1064 quibus
552 981 724 1064 imperium
747 982 794 1044 ita
817 980 927 1045 datum
951 985 1014 1065 est,
1044 986 1082 1047 ut
1104 982 1290 1066 redderent,
1312 987 1346 1047 et
1368 984 1408 1048 ab

181 1069 224 1134 24
234 1068 275 1132 iis
294 1069 422 1153 legibus
441 1069 552 1132 datum
577 1072 635 1151 est,
657 1070 698 1133 ad
717 1091 797 1154 quas
820 1070 1045 1155 revertendum
1064 1070 1137 1136 est?
1175 1070 1223 1137 Ac
1242 1071 1322 1135 mihi
1340 1072 1406 1155 qui·

235 1156 308 1221 dem
327 1158 477 1222 videntur
494 1157 558 1222 huc
581 1159 690 1222 omnia
713 1180 784 1223 esse
808 1158 976 1223 referenda
998 1160 1049 1244 iis,
1072 1159 1126 1245 qui
1150 1163 1307 1244 praesunt
1326 1160 1410 1240 aliis,

234 1249 272 1310 ut
290 1246 324 1329 ii,
348 1246 404 1328 qui
423 1250 518 1310 erunt
535 1248 569 1310 in
591 1267 703 1311 eorum
726 1246 872 1330 imperio,
896 1247 963 1312 sint
985 1270 1082 1332 quam
1105 1249 1299 1314 beatissimi:
1323 1249 1408 1333 quod

234 1333 297 1397 tibi
317 1340 349 1397 et
363 1357 433 1399 esse
448 1335 711 1420 antiquissimum
730 1340 763 1400 et
782 1337 823 1400 ab
842 1336 939 1400 initio
958 1336 1068 1421 fuisse,
1086 1341 1123 1401 ut
1141 1336 1281 1421 primum
1295 1335 1417 1402 Asiam

235 1423 391 1508 attigisti,
422 1424 586 1488 constanti
615 1425 704 1488 fama
736 1429 831 1507 atque
865 1425 1009 1489 omnium
1037 1447 1185 1492 sermone
1215 1427 1411 1490 celebratum

235 1516 293 1576 est.
330 1511 393 1577 Est
413 1515 521 1576 autem
539 1534 605 1577 non
625 1513 721 1578 modo
740 1513 818 1597 eius,
842 1514 895 1597 qui
915 1515 1012 1579 sociis
1031 1518 1064 1578 et
1083 1514 1217 1597 civibus,
1236 1515 1293 1579 sed
1312 1515 1410 1579 etiam

233 1601 317 1684 eius,
345 1602 400 1685 qui
429 1601 542 1685 servis,
571 1601 626 1686 qui
649 1602 748 1666 mutis
772 1602 949 1684 pecudibus
973 1603 1111 1688 praesit,
1140 1625 1264 1688 eorum,
1292 1603 1414 1687 quibus

155 1687 156 1690 ’
233 1690 365 1773 praesit,
388 1691 566 1754 commodis
589 1690 789 1775 utilitatique
813 1692 941 1756 servire.
1482 1756 1483 1771 ,

180 1780 224 1846 25
325 1776 424 1843 Cuius
449 1778 581 1862 quidem
605 1780 734 1862 generis
759 1782 908 1844 constare
931 1779 1017 1844 inter
1040 1800 1153 1845 omnes
1177 1779 1271 1844 video
1296 1780 1356 1844 aba
1379 1784 1419 1844 te
1482 1818 1483 1865 ,

235 1887 397 1931 summam
416 1867 564 1931 adhiberi
583 1866 798 1950 diligentiam:
816 1868 942 1932 nullum
962 1890 1017 1933 aes
1037 1869 1179 1933 alienum
1198 1890 1318 1934 norum
1337 1889 1412 1934 con·
1482 1868 1483 1873 ’

235 1955 322 2019 trahi
346 1956 545 2035 civitatibus,
568 1960 678 2021 vetere
701 1959 810 2021 autern
833 1978 954 2042 magno
978 1961 1012 2021 et
1035 1958 1129 2042 gravi
1152 1959 1271 2022 multas
1296 1958 1355 2022 abs
1379 1961 1416 2021 te

235 2064 305 2108 csse
334 2045 507 2128 liberatas,
535 2046 633 2109 urbes
656 2046 838 2130 complures
862 2046 986 2109 dirutas
1011 2067 1048 2110 aa
1071 2067 1175 2130 paene
1198 2046 1355 2129 desertas,
1377 2045 1413 2110 in

235 2133 359 2216 quibus
380 2155 479 2197 unam
503 2133 614 2199 Ioniae
636 2135 891 2213 nobilissimam,
916 2135 1050 2199 alteram
1074 2132 1198 2218 Cariae,
1222 2132 1356 2198 Samum
1380 2138 1414 2198 et

234 2221 518 2305 Halicarnassum,
546 2244 605 2306 per
631 2224 665 2286 te
693 2244 764 2287 esse
792 2225 966 2305 recreatas3
994 2222 1102 2287 nullas
1131 2244 1203 2287 esse
1225 2222 1260 2286 in
1284 2223 1420 2307 oppidis-

235 2310 420 2393 seditiones,
438 2312 545 2374 nullas
566 2311 757 2395 discordias,
781 2311 945 2395 provideri
964 2313 1022 2375 abs
1041 2315 1083 2390 te,
1101 2315 1139 2376 ut
1157 2312 1308 2376 civitates
1328 2311 1417 2395 opti·
1482 2370 1483 2391 2

235 2400 373 2463 matium
410 2398 555 2462 consiliis
593 2400 872 2485 administrentur3
909 2401 1039 2464 sublata
1070 2399 1196 2484 Mysiae
1230 2400 1412 2478 latrocinia,
1482 2462 1483 2485 ,

237 2486 351 2551 caedes
371 2488 482 2551 multis
501 2487 580 2551 locis
600 2509 775 2574 repressas,
794 2509 906 2573 pacem
921 2493 992 2553 tota
1006 2490 1173 2573 provincia
1190 2490 1416 2572 constitutam,

236 2597 340 2659 neque
370 2577 475 2657 solum
502 2575 561 2640 illa
588 2577 741 2641 itinerum
770 2583 866 2662 atque
895 2598 1061 2662 agrorum,
1092 2579 1148 2642 sed
1178 2579 1281 2643 multo
1312 2578 1414 2642 etiam

236 2664 331 2748 plura
350 2669 383 2728 et
401 2665 528 2729 maiora
546 2666 740 2749 oppidorum
759 2668 962 2731 ettenorum
980 2666 1151 2733 latrocinia
1173 2688 1244 2731 esse
1263 2667 1419 2751 depulsa,

236 2756 395 2818 remotam
424 2776 443 2817 a
471 2753 559 2818 fama
588 2757 620 2819 et
647 2778 667 2819 a
694 2755 834 2821 fortunis
863 2758 896 2818 et
924 2757 965 2820 ab
990 2755 1058 2820 otio
1082 2755 1295 2839 locupletium
1319 2756 1416 2820 illam

237 2843 482 2907 acerbissimam
529 2843 712 2908 ministram
758 2847 945 2928 praetorum
988 2844 1160 2924 avaritiae,
1202 2844 1421 2927 calumniam,

237 2934 385 3016 sumptus
419 2938 452 2995 et
483 2931 605 2997 tributa
638 2933 806 2997 civitatum
838 2934 878 2997 ab
909 2934 1072 3012 omnibus,
1106 2934 1161 3017 qui
1192 2955 1303 2998 earum
1336 2933 1419 2998 civi·

238 3174 356 3243 gemble,
372 3174 493 3229 condem
506 3175 580 3230 nach
590 3175 682 3230 einem
693 3177 799 3232 seinem
853 3194 922 3246 nen,
951 3176 1022 3232 Geld
1050 3177 1096 3232 bei
1127 3176 1182 3231 den
1212 3176 1421 3247 negotiatores.

239 3245 335 3300 Geiste
353 3246 608 3301 vorsohwebenden
626 3246 705 3301 Ideal
723 3248 799 3302 eines
854 3248 1031 3315 S.z.§15.
1071 3249 1137 3317 Vonf
1155 3248 1241 3303 Asien
1269 3252 1335 3318 sagt
1360 3248 1419 3304 Cio.

239 3317 392 3384 gerechten
410 3317 577 3372 Herrsohers
595 3318 749 3373 besohrieb.
764 3349 798 3359 -
854 3337 905 3389 pro
925 3320 1029 3375 Flacco
1057 3324 1107 3374 20:
1141 3320 1173 3374 a'a
1204 3322 1315 3375 aerario
1344 3321 1426 3375 albat

238 3386 405 3457 Africanus]
425 3403 462 3442 sc.
477 3388 575 3445 minor.
591 3420 625 3429 -
639 3391 735 3461 euque]
748 3389 799 3444 Die
853 3392 953 3447 haheat
964 3392 1095 3458 civitates,
1104 3391 1177 3446 achil
1186 3391 1419 3460 iaveclipala'bue.

237 3458 410 3513 Parenthese
433 3458 604 3516 veranlasste
629 3460 675 3515 die
695 3462 799 3516 analio·
853 3493 888 3502 -
911 3462 1037 3533 Samum]
1065 3461 1092 3515 S.
1112 3479 1169 3515 war
1192 3478 1227 3515 zu
1250 3459 1344 3516 einem
1367 3480 1421 3516 un·

238 3529 380 3584 luthische
406 3530 592 3600 Fortsetzung
617 3533 666 3586 des
693 3533 799 3586 Satzes.
854 3533 1050 3587 bedentenden
1088 3533 1243 3587 St‘adtchen
1278 3531 1421 3602 herabge·

239 3600 292 3654 Mit
316 3602 363 3655 illc
385 3600 457 3655 wird
481 3603 531 3656 das
553 3602 672 3672 Suhjelrt
691 3603 800 3673 (Cyrus)
856 3605 977 3672 sunlren,
997 3605 1101 3659 ebenso
1119 3604 1350 3671 Halicarnassus,
1369 3606 1425 3658 das

239 3671 343 3725 wieder
354 3672 580 3742 aufgenommen,
594 3674 652 3727 und
662 3691 745 3743 eaque
754 3675 801 3728 he·
855 3692 910 3730 von
925 3675 1084 3730 Alexander
1098 3676 1211 3730 erohert
1225 3674 1283 3728 und
1298 3676 1426 3730 zcrstdrt
1482 3710 1483 3737 2

238 3741 478 3797 beziehtsichauf
503 3745 801 3800 recitarundoomitas.
856 3745 1209 3815 worden-optimatium
1218 3745 1355 3816 consiliis]
1367 3745 1425 3799 Die
1482 3748 1483 3787 ἒ

240 3844 273 3853 -
285 3815 338 3885 tta]
346 3813 412 3868 ‘mit
419 3815 469 3869 der
478 3761 733 3886 iiinsehrtnkung',
741 3817 802 3870 ‘un-
856 3818 961 3873 Rbmer
969 3818 1105 3872 brachten
1114 3817 1144 3870 in
1155 3816 1209 3870 den
1223 3816 1310 3871 ihnen
1320 3819 1419 3871 unter·
1482 3818 1483 3833 ¹

238 3885 283 3939 ter
298 3886 348 3938 der
362 3885 550 3955 Bedingung’3
565 3906 586 3940 s.
597 3886 616 3941 l.
628 3893 670 3942 24.
681 3894 705 3941 3.
717 3918 752 3928 —
767 3889 803 3943 ad
858 3888 999 3943 werfenen
1023 3888 1141 3943 Sttdten
1167 3886 1212 3941 die
1236 3886 1423 3942 Vornehmen

240 3956 325 4027 qaas]
348 3957 442 4011 ‘anter
461 3956 547 4011 deren
565 3957 751 4014 Herrschaft’.
858 3979 906 4014 aur
924 3959 1090 4014 Herrschaft
1108 3959 1166 4012 und
1184 3958 1359 4014 verllochten
1380 3959 1423 4013 sie
1482 4024 1483 4031 ἵ

276 4031 319 4081 25.
344 4030 424 4082 cuius
441 4029 559 4099 penaria]
580 4028 607 4084 S.
627 4049 649 4086 n.
669 4037 684 4097 5
705 4036 746 4086 17.
765 4061 802 4070 -
856 4046 887 4085 so
912 4031 942 4085 in
968 4030 1019 4084 das
1045 4030 1184 4084 romische
1210 4030 1359 4084 Interesse.
1386 4060 1421 4070 —
1482 4062 1483 4105 ,

240 4099 414 4170 civitatibus]
434 4099 490 4154 Der
517 4099 616 4169 Datin,
649 4102 714 4156 weil
742 4101 803 4156 hier
857 4103 949 4157 caedes
984 4101 1069 4172 repa]
1113 4100 1175 4154 Wir
1208 4116 1311 4168 sagea:
1353 4100 1424 4154 ‘den

240 4168 321 4224 mehr
334 4168 364 4223 in
378 4171 512 4225 Betraoht
525 4170 644 4239 kommt,
658 4173 712 4227 fur
731 4188 800 4241 weh,
856 4171 1119 4226 Meuchelmordern
1136 4170 1253 4225 Einhalt
1270 4170 1368 4228 thun’.
1386 4200 1422 4212 -

242 4242 284 4292 als
298 4255 362 4294 von
376 4258 448 4295 wem
467 4242 512 4296 die
528 4243 670 4303 Schulden
688 4244 802 4298 kontra-
855 4244 997 4313 itinerum]
1024 4242 1092 4296 Gen.
1112 4243 1168 4312 obj.
1188 4243 1259 4296 statt
1282 4242 1332 4295 des
1352 4242 1424 4296 Pra-

239 4309 317 4363 hiert
339 4311 460 4365 werden.
504 4312 557 4365 Die
581 4312 803 4382 ausgebeuteten
855 4312 1181 4382 positionalausdrucks,
1221 4312 1273 4367 wie
1313 4313 1424 4367 vorhin
1482 4358 1483 4381 ,

243 4380 416 4434 Gemeinden
434 4381 563 4450 borgten
582 4402 630 4437 um
650 4384 696 4439 die
710 4385 801 4453 gefor-
856 4385 966 4455 Mysiae
989 4388 1022 4441 st.
1046 4385 1079 4439 tu
1103 4386 1146 4440 M.
1173 4414 1207 4424 —
1233 4382 1423 4454 calumniam]
1482 4384 1483 4453 ]

242 4451 341 4506 derten
365 4450 528 4522 Zahlungen
551 4452 653 4508 leisten
676 4473 708 4509 zu
730 4454 801 4510 litu-
855 4454 1425 4526 VerresgiehteinBeispielvonsolchen
1482 4512 1483 4515 ,
