2998 4956
218 274 261 339 62
650 275 719 330 LIB.
738 275 760 330 Ι.
796 274 908 331 EPIST.
929 280 970 330 18.

220 440 387 521 voluntas,
417 437 638 522 accipiendum
667 459 735 502 non
761 439 891 522 putavi,
919 459 992 503 cum
1017 439 1090 503 aliis
1114 438 1153 503 de
1177 438 1298 522 causis,
1327 442 1400 504 tum

218 532 316 593 etiam
342 531 379 593 ut
403 529 512 592 animo
537 527 690 610 aequiore
712 525 838 590 ferrent
859 526 896 610 ii,
920 527 1038 609 quibus
1062 548 1121 591 nec
1145 526 1318 592 deberetur
1340 550 1401 593 nee

217 618 340 681 liceret.

164 707 206 771 27
309 705 515 789 Quapropter
541 704 693 768 incumbe
719 707 792 768 toto
821 703 929 769 animo
958 707 991 767 et
1019 702 1127 769 studio
1156 704 1245 768 omni
1267 706 1302 769 in
1325 727 1398 770 eam

217 795 389 877 rationem,
413 815 477 877 qua
500 791 607 857 adhuc
629 814 708 858 usus
733 814 777 878 es,
799 795 837 857 ut
860 814 925 877 eos,
950 814 1031 878 quos
1055 797 1131 858 tuae
1154 792 1230 857 fidei
1252 797 1396 878 potesta·

217 884 307 967 tique
326 886 459 947 senatus
478 883 682 968 populusque
704 880 873 946 Romanus
891 882 1055 946 commisit
1068 885 1101 946 et
1115 880 1258 965 credidit,
1278 881 1396 967 diligas

218 975 252 1037 et
266 973 355 1036 omni
374 972 501 1035 ratione
520 976 632 1035 tueare
655 975 688 1035 et
707 992 777 1035 esse
796 992 894 1055 quam
912 970 1119 1035 beatissimos
1139 971 1230 1036 velis.
1259 971 1352 1047 Quod
1368 970 1397 1035 si

216 1064 249 1125 te
284 1082 355 1125 sors
373 1059 465 1124 Afris
491 1064 547 1124 aut
569 1058 725 1144 Hispanis
749 1064 806 1124 aut
829 1058 932 1124 Gallis
956 1060 1174 1142 praefecisset,
1196 1061 1397 1125 immanibus

218 1171 255 1214 sc
274 1149 422 1213 barbaris
441 1148 640 1233 nationibus,
664 1152 774 1213 tamen
793 1153 879 1213 esset
896 1148 1112 1213 humanitatis
1132 1151 1207 1212 tuae
1227 1149 1398 1214 consulere

218 1260 331 1303 eorum
360 1237 539 1302 commodis
571 1242 605 1300 et
633 1237 770 1302 utilitati
802 1237 965 1321 salutique
996 1238 1130 1302 serviret
1161 1258 1233 1302 cum
1262 1259 1338 1302 vero
1367 1238 1398 1301 ei

218 1327 330 1413 generi
357 1326 526 1391 hominum
556 1326 753 1409 premimus,
781 1347 850 1390 non
878 1326 973 1390 modo
1001 1327 1035 1390 in
1064 1347 1125 1410 quo
1154 1326 1226 1409 ipso
1255 1327 1312 1410 sit,
1340 1326 1398 1390 sed

219 1416 318 1480 etiam
347 1437 453 1499 aquo
477 1415 518 1479 ad
541 1416 623 1479 alios
647 1414 834 1498 pervenisse
858 1417 991 1498 putetur
1013 1413 1216 1496 humanitas,
1244 1418 1331 1480 certe
1354 1415 1397 1479 iis

163 1505 290 1571 28eam
312 1503 518 1588 potissimum
545 1503 688 1568 tribuere
711 1503 874 1589 debemus,
898 1526 917 1568 a
941 1504 1058 1587 quibus
1082 1504 1273 1587 accepimus.
1319 1503 1398 1569 Non

217 1594 305 1658 enim
328 1613 380 1657 me
403 1592 550 1656 bociam
574 1591 679 1656 dicere
702 1591 852 1675 pudebit,
875 1592 1065 1675 praesertim
1088 1593 1124 1656 in
1144 1614 1182 1657 ea
1205 1593 1274 1657 vita
1297 1596 1397 1676 atque

215 1682 256 1747 iis
286 1683 383 1746 rebus
412 1682 529 1766 gestis,
561 1680 597 1745 in
624 1681 741 1765 quibus
771 1702 836 1745 non
864 1683 974 1764 potest
1002 1680 1143 1745 residere
1171 1681 1307 1746 inertiae
1336 1684 1395 1747 aut

217 1770 360 1835 levitatis
383 1770 451 1833 ulla
476 1770 631 1853 suspicio,
658 1791 719 1834 nos
744 1790 795 1854 ea,
819 1790 902 1853 quae
926 1770 1090 1834 consecuti
1114 1791 1238 1852 sumus,
1261 1770 1302 1834 iis
1327 1774 1395 1834 stu-

217 1859 279 1923 diis
304 1863 337 1923 et
360 1859 485 1923 artibus
509 1879 580 1923 esse
604 1858 754 1942 adeptos,
786 1879 869 1942 quae
893 1858 960 1922 sint
982 1858 1077 1924 nobis
1101 1857 1256 1923 Graeciae
1280 1880 1396 1923 monu-

217 1948 336 2012 mentis
362 1946 606 2032 disciplinisque
625 1947 756 2011 tradita.
794 1946 900 2022 Quare
919 1950 1049 2030 praeter
1067 1967 1271 2011 communem
1289 1947 1398 2031 fidem,
1486 2012 1487 2033 ,

217 2058 299 2121 quae
334 2037 484 2101 omnibus
519 2036 668 2120 debetur,
704 2038 872 2118 praeterea
900 2057 961 2100 nos
992 2035 1049 2100 isti
1080 2035 1249 2100 hominum
1282 2037 1396 2121 generi

215 2124 386 2210 praecipue
410 2125 526 2189 debere
550 2125 709 2207 videmur,
737 2134 787 2208 ut,
815 2127 952 2208 quorum
979 2124 1162 2208 praeceptis
1187 2146 1299 2190 sumus
1323 2146 1395 2189 eru-

216 2214 284 2298 diti,
303 2214 389 2297 apud
408 2235 463 2278 eos
477 2214 577 2298 ipsos,
592 2213 677 2296 quod
692 2213 733 2277 ab
747 2213 788 2276 iis
803 2212 1017 2296 didicerimus,
1035 2214 1175 2278 velimus
1194 2220 1395 2297 expromere.

162 2301 204 2367 29
304 2302 343 2366 X.
374 2302 481 2386 Atque
505 2302 560 2365 ille
584 2301 713 2386 quidem
736 2302 886 2386 princeps
909 2301 1035 2387 ingenii
1058 2306 1092 2367 et
1113 2302 1280 2367 doctrinae
1298 2302 1397 2368 Plato
1486 2348 1487 2357 ¹

215 2395 285 2455 tum
310 2390 446 2474 denique
469 2391 537 2454 fore
561 2391 675 2455 beatas
698 2412 749 2454 res
773 2390 920 2474 publicas
944 2390 1090 2474 putavit,
1114 2391 1143 2455 si
1166 2395 1223 2454 aut
1246 2392 1333 2456 docti
1357 2395 1396 2455 et
1486 2412 1487 2447 l

216 2479 380 2563 sapientes
404 2478 551 2543 homines
574 2501 629 2543 eas
652 2499 765 2563 regere
788 2479 984 2563 coepissent,
1013 2480 1129 2563 eutii,
1153 2481 1208 2564 qui
1230 2484 1393 2565 regerent,

216 2589 311 2632 omne
330 2590 423 2632 suum
443 2568 585 2631 studium
603 2568 637 2632 in
657 2568 805 2633 doctrina
824 2572 857 2632 et
875 2567 1035 2652 sapientia
1054 2568 1281 2634 collocassent:
1304 2569 1395 2634 hanc

216 2657 476 2722 coniunctionem
500 2656 651 2722 videlicet
677 2657 851 2742 potestatis
880 2661 913 2721 et
936 2658 1114 2741 sapientiae
1138 2657 1239 2722 saluti
1262 2657 1393 2723 censuit

215 2745 403 2810 civitatibus
432 2767 501 2809 esse
529 2767 639 2832 posse3
669 2746 754 2830 quod
782 2745 922 2811 fortasse
950 2746 1127 2830 aliquando
1151 2746 1320 2811 universae
1343 2747 1393 2810 rei

214 2834 364 2918 publicae
382 2836 523 2917 nostrae,
546 2856 631 2898 nnnc
650 2835 780 2920 quidem
799 2835 943 2918 profecto
962 2836 1018 2899 isti
1036 2834 1224 2919 provinciae
1243 2835 1393 2919 contigit,
1484 2906 1485 2909 Ἴ

215 2926 252 2988 ut
275 2924 303 2986 is
327 2925 361 2986 in
384 2945 423 2987 ea
446 2945 606 2987 summam
630 2926 827 3007 potestatem
850 2923 1001 3007 haberet,
1024 2923 1077 2987 cui
1099 2924 1134 2987 in
1158 2923 1315 3009 doctrina,
1340 2925 1395 2988 eui
1484 2960 1485 2969 ν

214 3011 250 3075 in
273 3012 394 3076 virtute
423 3016 520 3095 atque
549 3011 752 3077 humanitate
780 3012 986 3096 percipienda
1008 3013 1184 3097 plurimum
1208 3035 1228 3077 a
1250 3013 1397 3096 pueritia

161 3100 205 3166 30
216 3099 315 3164 studii
337 3100 454 3164 fuisset
476 3104 510 3164 et
532 3100 698 3183 temporis.
745 3101 853 3177 Quare
877 3122 967 3184 cura,
995 3105 1032 3165 ut
1054 3100 1107 3169 bic
1130 3123 1248 3184 annus,
1271 3102 1327 3187 qui
1352 3102 1396 3166 ad

215 3188 360 3252 laborem
377 3190 470 3252 tuum
490 3189 635 3271 accessit,
657 3189 743 3253 idem
763 3189 962 3253 adsalutem
980 3189 1079 3254 Asiae
1098 3193 1294 3273 prorogatus
1321 3212 1395 3255 esse

215 3276 372 3340 videatur.
423 3275 583 3352 Quoniam
612 3278 647 3340 in
675 3282 707 3343 te
735 3278 903 3343 retinendo
931 3279 994 3343 fuit
1016 3279 1098 3342 Asia
1127 3278 1265 3361 felicior,
1292 3301 1395 3362 quam

215 3387 275 3429 nos
303 3365 338 3428 in
375 3364 575 3448 deducendo,
604 3367 735 3451 perfice,
764 3371 801 3431 ut
828 3368 952 3432 laetitia
981 3367 1168 3452 provinciae
1198 3367 1398 3432 desiderium

215 3594 300 3648 ntml.
312 3593 436 3648 Gelu—
450 3594 550 3663 quibus
562 3612 611 3653 nce
625 3625 659 3634 -
673 3593 775 3664 liceret]
832 3589 884 3648 ἐὰν
904 3589 937 3663 pr*
961 3587 980 3662 ἢ
1000 3591 1030 3648 ολ
1046 3591 1199 3662 φιλόσοφοι
1223 3593 1400 3667 βασιλεύσοι·

217 3663 319 3718 ‘denen
333 3664 378 3719 die
392 3665 776 3732 Provinanichtsschuldete‚
831 3683 874 3720 σιν
901 3663 932 3721 έν
955 3661 1155 3726 ascendisses
1178 3659 1196 3733 ἢ
1220 3662 1250 3719 ol
1271 3667 1399 3735 βασιλεῖς

214 3735 272 3789 und
298 3736 389 3790 denen
409 3752 439 3790 es
457 3737 611 3806 gesetzlioh
628 3736 709 3791 nicht
727 3753 776 3805 ge·
829 3755 859 3791 τε
879 3737 933 3790 νῦν
951 3732 1099 3806 λεγόμενοι
1116 3735 1164 3790 uel
1185 3733 1324 3790 devolutae
1349 3757 1400 3805 φι·

215 3807 316 3862 stattet
329 3823 396 3876 war,
415 3807 487 3863 Geld
501 3826 535 3863 zu
549 3807 692 3875 erheben'‚
711 3806 738 3860 d.
756 3807 775 3863 i.
829 3806 1007 3877 λσσσφήσωσι
1033 3808 1153 3876 γνησίως
1169 3826 1200 3862 τε
1220 3806 1270 3861 καὶ
1288 3805 1399 3870 [κανῶς

215 3876 270 3933 den
288 3876 400 3933 Adilen.
830 3880 980 3933 καὶτοῦτο
1000 3876 1040 3940 εἰς
1057 3874 1162 3932 ταύτὸν
1182 3875 1319 3949 inpactum,
1343 3877 1398 3934 δυ’·

251 3955 303 4004 at..
331 3955 374 4004 28.
401 3952 548 4022 rationem]
572 3950 776 4019 Verfahrungs-
830 3951 913 4020 νσμίς
922 3968 951 4003 σε
962 3945 1090 4017 πολιτικὴ
1106 3948 1155 4003 καὶ
1169 3951 1327 4018 φιλοσοφία
1336 3953 1396 4004 κτλ.

214 4018 308 4075 weise.
324 4052 357 4061 -
367 4023 530 4094 praecipue]
546 4022 720 4077 ‘besonders’
735 4022 776 4074 im
831 4051 863 4061 —
883 4019 1048 4090 aliquando]
1068 4026 1167 4073 wann?
1189 4051 1220 4062 —
1239 4027 1271 4075 at
1288 4022 1314 4075 s‘s
1332 4020 1398 4091 etc]

215 4092 372 4177 (legensata
390 4109 425 4146 au
443 4096 604 4162 communis,
629 4091 682 4147 wie
698 4109 778 4161 prue-
832 4091 889 4146 Der
908 4092 972 4146 Sata
996 4090 1079 4174 dieat¹
1093 4109 1140 4145 zur
1158 4090 1320 4160 Erkltrung
1338 4109 1399 4147 von

215 4162 378 4303 diffudi}
392 4164 716 4305 idgeilsssiltllltiil
730 4167 779 4287 (li
832 4164 1180 4356 quitaliiltiap.
1194 4233 1213 4289 s.
1228 4233 1258 4286 in
1272 4233 1327 4287 sen
1342 4232 1398 4287 aa.
1480 4256 1481 4281 r

214 4303 378 4359 demselben
406 4306 490 4362 Sinne
521 4306 597 4360 steht
622 4305 669 4359 111.
693 4309 736 4359 28.
761 4311 777 4359 5
832 4307 1011 4374 strebungen‚
1030 4304 1112 4358 deme
1153 4305 1274 4373 bldsung
1292 4304 1398 4358 durch·

215 4375 350 4430 adbibere.
831 4374 1397 4444 ausetzen3deducereentspreebenddem

251 4452 294 4502 29.
315 4447 398 4502 Plato
413 4446 448 4500 (le
462 4463 520 4515 rep.
535 4463 562 4515 p.
578 4451 638 4501 476.
660 4444 681 4500 0
700 4448 776 4515 sagt:
831 4463 887 4502 von
911 4448 974 4501 dem
993 4446 1130 4516 Abgange
1154 4447 1203 4501 der
1222 4445 1397 4501 Statthalter
