2998 4956
402 260 405 267 ’
501 298 533 364 o.
553 297 707 353 roanos
726 297 866 355 cronno.
936 324 939 327 ‚
1225 301 1268 365 63

85 458 239 526 nostrum
252 460 405 542 leniatu13
424 460 554 543 etenim,
569 461 597 525 si
610 462 646 525 in
660 461 886 546 promerendo,
900 464 938 526 ut
951 462 1013 527 tibi
1028 464 1112 527 tanti
1126 463 1267 529 honores

85 549 293 630 haberentur,
312 549 426 631 quanti
443 548 530 614 haud
549 550 616 614 scio
636 572 678 615 an
696 549 834 634 nemini,
858 551 950 615 fuisti
969 552 1113 617 omnium
1132 552 1267 637 diligen·

85 639 251 721 tissimus,
280 637 385 702 multo
413 639 571 702 maiorem
598 639 633 702 in
658 639 711 703 his
741 640 921 704 honoribus
950 640 1082 704 tuendis
1113 641 1266 706 adhibere

85 726 291 811 diligentiam
324 723 430 791 debes.
485 726 648 810 Equidem
684 727 724 791 de
753 728 819 792 isto
848 749 966 813 genere
995 729 1157 794 honorum
1188 730 1265 815 quid
1275 732 1317 797 31

85 815 256 899 sentirem,
284 815 400 899 scripsi
427 815 468 879 ad
495 819 528 879 te
557 819 645 880 ante:
678 837 805 900 semper
829 838 884 882 eos
907 818 1034 901 putavi,
1063 818 1091 882 si
1113 819 1264 904 vulgares

85 908 210 985 essent,
232 904 327 987 viles3
351 903 379 966 si
401 904 559 988 temporis
583 926 681 971 causa
699 905 984 991 constituerentur,
1007 907 1109 989 leves3
1132 908 1160 971 si
1178 929 1266 992 vero,

83 993 118 1057 id
143 992 231 1076 quod
253 993 302 1056 ita
323 992 524 1075 factumest,
547 994 671 1058 meritis
693 994 759 1057 tuis
783 994 1013 1079 tribuerentur,
1037 995 1267 1060 existimabam

82 1082 227 1146 multam
254 1081 316 1145 tibi
342 1081 377 1144 in
399 1081 439 1145 iis
461 1082 639 1146 honoribus
662 1082 791 1147 tuendis
817 1104 949 1167 operam
981 1105 1050 1147 esse
1073 1084 1265 1166 ponendam.

31 1244 34 1248 ¹
83 1169 193 1246 Quare
217 1169 370 1254 quoniam
393 1170 428 1233 in
450 1170 523 1234 istis
547 1171 683 1235 urbibus
707 1192 780 1235 cum
807 1193 934 1237 summo
956 1172 1094 1257 imperio
1118 1176 1152 1236 et
1173 1177 1264 1256 potc-

83 1262 172 1323 state
191 1259 342 1341 versaris,
359 1259 394 1323 in
413 1259 531 1342 quibus
548 1263 624 1324 tuas
642 1260 780 1324 virtutes
802 1264 1007 1325 consecratas
1027 1262 1111 1325 etin
1130 1261 1264 1326 deorum

82 1369 221 1412 numero
245 1347 420 1412 collocatas
444 1347 543 1429 vides,
566 1347 601 1412 in
625 1348 775 1412 omnibus
794 1351 901 1434 rebus,
925 1371 1005 1433 quas
1024 1353 1159 1434 statues,
1182 1372 1263 1434 quas

83 1436 253 1519 decernes,
276 1458 356 1521 quas
381 1456 473 1521 ages,
495 1436 572 1520 quid
595 1437 697 1501 tantis
721 1437 892 1502 hominum
916 1438 1139 1521 opinionibus,
1162 1440 1263 1504 tantis

83 1525 123 1589 de
154 1528 188 1588 te
214 1524 358 1609 iudiciis,
385 1526 487 1589 tantis
516 1523 694 1590 honoribus
724 1525 857 1611 debeas,
886 1527 1060 1610 cogitabis3
1094 1527 1127 1590 id
1155 1530 1264 1591 autem

82 1614 148 1677 erit
176 1613 347 1696 eiusmodi,
358 1617 412 1677 ..ut
439 1614 590 1678 consulas
614 1615 780 1698 omnibus,
809 1621 846 1679 ut
873 1615 1021 1679 medeare
1050 1616 1264 1681 incommodis

80 1701 269 1786 hominum,
298 1701 469 1785 provideas
498 1703 611 1786 saluti,
640 1706 678 1767 ut
704 1706 737 1767 te
765 1708 934 1787 parentem
957 1704 1058 1769 Asiae
1081 1708 1114 1768 et
1142 1704 1206 1768 dici
1233 1708 1266 1768 et

80 1791 202 1855 haberi
226 1791 314 1855 velis.

174 1879 232 1944 XI.
256 1879 365 1963 Atque
388 1879 464 1944 huic
486 1882 563 1943 tuae
585 1879 749 1944 voluntati
769 1901 807 1944 ac
825 1881 1014 1965 diligentiae
1038 1880 1264 1946 difficultatem
1275 1882 1319 1948 32

80 1989 240 2053 magnam
267 1967 418 2032 adferunt
440 1968 620 2053 publicani:
649 1969 766 2053 quibus
791 1968 820 2033 si
843 1968 1095 2053 adversabimur,
1120 1970 1265 2034 ordinem

81 2057 123 2122 de
147 2057 245 2123 nobis
269 2057 392 2140 optimc
414 2056 567 2121 meritum
592 2059 625 2120 ct
647 2078 706 2140 per
729 2079 790 2122 nos
815 2078 888 2122 cum
911 2079 946 2121 re
964 2057 1094 2141 publica
1112 2058 1266 2122 coniunc-

80 2151 155 2211 tum
170 2150 204 2210 et
222 2168 242 2209 a
260 2145 356 2209 nobis
375 2150 409 2210 et
427 2168 447 2209 a
464 2167 500 2209 re
519 2146 652 2230 publica
670 2146 887 2231 diiungemus
910 2147 960 2210 sin
985 2151 1094 2211 autem
1115 2147 1265 2211 omnibus

79 2234 119 2299 in
145 2235 244 2299 rebus
273 2235 503 2317 obsequemur,
529 2233 675 2299 funditus
704 2257 759 2299 eos
787 2236 892 2319 perire
919 2235 1097 2320 patiemur,
1127 2256 1267 2319 quorum

80 2345 151 2389 non
168 2322 266 2389 modo
282 2323 389 2406 saluti,
408 2323 577 2387 sedetiam
596 2324 772 2389 commodis
792 2326 959 2389 consulere
978 2324 1142 2389 debemus.
1173 2323 1264 2389 Haeo

80 2416 134 2476 est
160 2434 240 2494 una,
269 2413 298 2476 si
325 2433 400 2476 vere
428 2413 572 2496 cogitare
594 2413 759 2496 volumus,
787 2413 822 2477 in
845 2417 917 2478 toto
940 2412 1077 2497 imperio
1101 2417 1158 2478 tuo
1181 2412 1265 2476 diffi-

80 2503 202 2566 cultas:
221 2523 298 2565 nam
313 2521 383 2565 esse
398 2501 626 2585 abstinentem,
646 2503 812 2566 continere
831 2524 943 2566 omnes
963 2501 1168 2585 cupiditates,
1187 2523 1263 2566 suos

80 2595 242 2673 coercere,
260 2589 341 2654 iuris
361 2589 565 2673 aequabilem
584 2595 696 2654 tencre
715 2590 886 2673 rationem,
902 2590 1040 2655 ‘facilem
1059 2611 1092 2654 sc
1112 2591 1147 2654 in
1165 2591 1261 2655 rebus

80 2678 329 2763 cognoscendis,
351 2678 386 2742 in
409 2677 596 2742 hominibus
616 2678 783 2743 audiendis
809 2678 1084 2761 admittendisque
1106 2679 1263 2762 praebere

78 2769 286 2851 praeclarum
309 2765 414 2851 magis
438 2771 488 2830 cst
512 2788 610 2850 quam
633 2767 781 2831 difficile:
804 2789 872 2832 non
891 2772 941 2830 est
959 2767 1046 2830 enim
1064 2766 1209 2849 positum
1227 2766 1264 2829 in

78 2856 193 2920 labore
223 2855 347 2939 aliquo,
375 2855 431 2918 sed
459 2856 494 2918 in
522 2855 662 2938 quadam
690 2855 876 2919 inductione
905 2855 1004 2919 animi
1028 2859 1061 2917 et
1084 2854 1262 2918 voluntate.

77 2943 144 3008 Illa
171 2967 270 3009 causa
300 2943 548 3028 publicanorum
576 2948 732 3026 quantam
761 2945 972 3008 acerbitatem
1003 2942 1129 3006 adferat
1157 2941 1263 3026 sociis,
1273 2943 1317 3008 33

79 3033 305 3098 intelleximus
324 3056 362 3096 ex
382 3032 517 3115 civibus,
540 3033 597 3117 qui
615 3054 718 3117 nuper
736 3033 771 3096 in
794 3032 953 3116 portoriis
971 3030 1087 3095 Italiae
1110 3031 1263 3096 tollendis

79 3261 245 3331 gebrauchl.
264 3261 396 3315 decadae.
414 3290 449 3300 -
471 3261 545 3314 tenti
562 3260 646 3315 bono·
736 3266 780 3314 32.
799 3260 902 3331 Atque]
922 3259 997 3314 beim
1010 3246 1180 3330 llbergangc
1198 3277 1262 3315 aum

79 3332 137 3403 res]
157 3330 521 3401 Tempe1,A1tare,resce
540 3347 567 3385 u.
587 3330 645 3399 dgl.
700 3330 811 3398 Neron,
839 3347 882 3386 wo
913 3332 965 3386 wir
992 3330 1055 3385 eine
1080 3330 1263 3386 Advereativ-

80 3403 148 3471 Vgl.
167 3403 241 3456 oben
259 3422 281 3456 z.
302 3407 317 3467 ς
337 3408 381 3456 26.
699 3401 824 3471 partikcl
856 3402 1016 3456 anwenden.
1051 3432 1086 3442 -
1120 3419 1143 3457 c.
1174 3419 1205 3456 rc
1232 3418 1262 3471 p.

116 3478 161 3528 31.
185 3472 331 3596 tempusq
352 3473 407 3526 mit
423 3472 579 3528 Rdcksicht
598 3472 649 3527 auf
699 3473 782 3543 cont]
820 3473 852 3525 ln
884 3474 989 3527 seinem
1017 3471 1156 3527 Konsulat
1182 3473 1263 3526 hatte

80 3545 137 3598 den
151 3543 311 3613 Augenblic
332 3584 339 3610 ,
359 3542 405 3598 die
420 3543 645 3611 Zeitnmsttnde3
700 3541 795 3597 Cicero
823 3543 912 3597 durch
938 3544 983 3597 die
1007 3542 1192 3608 Verbindung
1215 3542 1263 3596 des

81 3616 140 3684 vgl.
159 3621 176 3680 ς
196 3621 239 3669 15.
259 3645 294 3655 -
312 3614 364 3684 ita]
387 3615 477 3669 neben
496 3616 561 3669 dem
579 3616 646 3669 Pro·
699 3613 920 3683 Ritterstandes‚
953 3614 1018 3668 dem
1046 3613 1092 3667 die
1115 3612 1264 3683 publicani

80 3701 198 3753 nomen,
235 3685 288 3741 wie
325 3686 360 3739 de
393 3686 449 3741 div.
476 3685 511 3740 ΙΙ.
540 3690 565 3740 8.
596 3691 644 3739 212
699 3685 872 3753 angehortcn
903 3688 936 3755 (s.
964 3704 986 3738 a.
1015 3690 1030 3749 5
1059 3686 1102 3752 6),
1134 3682 1187 3736 mit
1214 3683 1264 3736 der

80 3759 158 3827 quod
180 3763 251 3811 certe
272 3757 348 3812 cobis
370 3757 412 3810 ito
434 3757 580 3812 dicendam
598 3762 644 3812 cst.
700 3756 893 3825 Senatspartei
912 3756 968 3810 den
984 3755 1065 3809 Staat
1083 3755 1213 3824 gerettet.
1229 3782 1260 3792 -

79 3845 133 3898 pro
154 3827 226 3883 Tull.
246 3833 275 3882 9:
293 3828 344 3883 boc
361 3829 403 3882 ita
421 3828 595 3882 existimabit.
609 3857 645 3867 -
698 3844 758 3883 ocra
772 3827 903 3896 copitare]
923 3826 1212 3880 Zuoercs.ll.11.1.
1228 3853 1262 3863 -

79 3898 267 3969 masecrotcs]
295 3897 363 3952 Man
386 3897 477 3952 dentre
501 3897 586 3952 dabei
609 3915 645 3951 an
699 3898 904 3966 cognoscendis]
929 3897 971 3950 als
993 3894 1119 3949 Richter.
1144 3924 1178 3934 —
1203 3895 1263 3949 ind.

78 3969 201 4038 Tempcl
225 3971 301 4024 etwa
324 3968 378 4023 mit
403 3969 452 4023 der
473 3967 646 4023 Aufschriftr
698 3967 1054 4038 coimi]‘festerVorsatz’;
1072 3965 1264 4035 vglanc‘mom

79 4040 188 4096 Pietati
213 4040 244 4106 Q.
271 4039 411 4096 Ciceronis
434 4040 514 4094 oder:
538 4038 645 4094 Virtuti
698 4040 834 4094 inducere.

80 4111 112 4178 Q.
132 4110 285 4166 Ciceronis.
326 4112 368 4165 Im
394 4111 463 4181 folg.
488 4110 647 4179 entspricht
737 4116 779 4164 33.
794 4125 879 4165 causo
889 4107 1263 4179 pabt.]‘lntcressc’.—ad-

81 4184 131 4239 der
155 4183 228 4238 Zahl
252 4184 302 4237 der
324 4181 419 4238 Verba
441 4187 544 4237 statues
566 4182 645 4250 (fest-
699 4182 784 4251 ferat]
818 4179 900 4250 Konj.
928 4178 1004 4234 Pras.
1032 4179 1073 4233 im
1099 4177 1262 4232 indirekten

80 4252 645 4324 setzen)dcc.(beschliessen)opcc(thun)
699 4252 883 4320 Fragesatze‚
916 4251 979 4305 weil
1011 4250 1195 4305 intelleximus
1228 4275 1262 4294 =

81 4324 128 4380 die
139 4326 211 4381 Zahl
219 4325 269 4378 der
280 4323 423 4378 Substant.
431 4326 506 4393 cpia.
515 4324 644 4379 iudica.
699 4325 807 4380 samus.
822 4354 855 4362 -
865 4322 1012 4394 portoriis]
1033 4320 1080 4374 die
1097 4319 1263 4375 Hafenzdlle

114 4396 163 4452 XI.
183 4416 211 4452 u.
230 4395 292 4449 ΧΠ.
316 4396 379 4452 Dos
400 4394 545 4450 Vortcltca
562 4411 646 4464 papea
699 4395 730 4449 in
747 4394 862 4458 Italien3
882 4394 922 4447 sie
935 4398 1051 4448 worden
1064 4391 1105 4446 im
1119 4391 1145 4446 J.
1161 4398 1195 4445 60
1215 4390 1265 4445 auf

80 4469 125 4525 dic
143 4468 361 4537 Sraarcpoeater.
700 4468 810 4535 Antrag
846 4464 895 4520 des
930 4464 1042 4521 Pr‘ators
1078 4463 1110 4529 Q.
1142 4462 1263 4518 Cticilius
