2998 4956
228 269 273 333 30
634 268 700 324 LlB.
720 268 740 324 I.
777 269 890 323 EPIST.
910 274 988 323 5-7.

228 433 257 498 si
276 433 304 497 is
323 433 429 497 minus
447 432 576 516 poterit,
595 429 751 497 Camillus
770 434 919 497 nostrum
937 431 1105 515 negotium
1124 433 1227 515 curet,
1250 452 1310 495 nos
1325 451 1401 494 cum

228 521 311 586 salvi
337 520 532 604 venerimus,
559 521 684 605 reliqua
711 543 770 605 per
793 543 852 586 nos
877 541 1019 604 agemus.
1065 518 1121 584 Sin
1144 524 1181 583 tu
1204 519 1269 583 iam
1292 517 1402 583 Romo

227 609 374 694 profecta
402 609 479 691 eris,
505 612 614 673 tamen
639 610 779 694 curabis,
805 612 842 674 ut
863 608 926 673 hoc
948 610 997 673 ite
1018 609 1085 673 fiat.
1130 607 1214 691 Nos,
1238 609 1266 673 si
1288 607 1320 671 di
1345 607 1403 671 ad-

227 699 395 781 iuuabunt,
413 698 540 762 circiter
552 696 629 762 Idus
643 696 842 763 Nouembres
861 699 896 762 in
910 696 1009 763 Italia
1027 719 1193 781 speramus
1211 695 1291 764 fore.
1318 694 1401 778 Vos,

228 809 301 851 mea
324 786 517 851 suauissima
539 792 572 851 et
595 787 800 870 optatissima
821 787 980 868 Terentia,
1004 787 1114 851 sinos
1137 785 1264 870 ametis,
1286 790 1404 850 curate

227 879 266 940 ut
288 875 432 940 valeatis.
468 874 562 941 Vale.
601 874 739 940 Athenis
764 874 840 960 ad.
858 894 916 941 xv.
934 874 1006 939 Kal.
1024 875 1183 941 Novemb.

683 1104 861 1172 Enrsrunn
883 1105 940 1170 VI.

661 1226 964 1297 mmmm

254 1350 408 1407 TULLIUS
427 1349 636 1406 TERENTIAE
656 1351 748 1406 SUAE
767 1349 816 1404 ET
833 1349 954 1404 PATER
973 1349 1212 1405 SUAVISSIMAE
1230 1350 1366 1420 FILIAE,

468 1421 595 1477 CICERO
613 1421 730 1477 MATRI
748 1422 795 1476 ET
815 1420 947 1477 SORORI
966 1421 993 1476 S.
1008 1423 1041 1477 D.
1055 1423 1162 1477 PLOR.

192 1571 210 1634 1
316 1548 590 1615 Considerandum
623 1548 716 1613 vobis
749 1549 846 1613 etiam
877 1551 972 1632 atque
1000 1548 1111 1633 etiam,
1143 1549 1271 1613 animae
1298 1571 1400 1632 meae,

227 1639 399 1724 diligenter
425 1642 520 1722 puto,
548 1637 624 1721 quid
652 1637 796 1722 faciatis,
822 1635 986 1702 Romaene
1009 1638 1095 1721 sitis,
1123 1659 1164 1702 an
1187 1660 1326 1724 mecum,
1356 1660 1397 1703 an
1485 1662 1486 1731 ἐ

227 1727 336 1811 aliquo
359 1730 430 1791 tuto
455 1728 541 1792 loco:
563 1726 596 1790 id
617 1748 683 1791 non
703 1727 810 1790 solum
828 1747 935 1790 meum
953 1726 1124 1791 consilium
1144 1730 1202 1810 est,
1224 1727 1398 1792 sedetiam

226 1820 380 1881 vestrum.
415 1815 499 1880 Mihi
522 1816 656 1880 veniunt
678 1815 712 1879 in
734 1818 877 1879 mentem
899 1814 989 1880 haec:
1016 1815 1138 1880 Romae
1159 1837 1217 1881 vos
1236 1838 1305 1880 esse
1324 1820 1397 1881 tuto

226 1927 323 1989 posse
355 1927 414 1989 per
446 1903 650 1969 Dolabellam
688 1925 822 1989 eamque
856 1925 924 1968 rem
956 1926 1051 1987 posse
1083 1904 1178 1968 nobis
1210 1905 1397 1969 adiumento

227 2015 310 2075 esse,
343 1995 371 2058 si
404 2015 486 2077 quae
517 1993 567 2058 vis
599 1997 656 2057 aut
687 1993 715 2057 si
749 2014 831 2078 quae
862 1993 995 2077 rapinae
1026 1993 1096 2057 fieri
1128 1993 1307 2078 coeperint3
1342 1994 1396 2058 sed

225 2104 336 2147 rursus
360 2081 444 2147 illud
466 2102 518 2145 me
540 2086 658 2166 movet,
681 2082 766 2166 quod
787 2080 881 2146 video
904 2103 1015 2146 omnes
1037 2082 1141 2146 bonos
1161 2083 1273 2147 abesse
1291 2082 1397 2147 Roma

226 2175 260 2235 et
282 2193 338 2236 eos
361 2171 512 2236 mulieres
535 2192 611 2235 suas
635 2192 744 2236 seeum
766 2170 900 2252 habere3
922 2171 1003 2235 haec
1025 2175 1133 2235 autem
1157 2172 1257 2255 regio,
1280 2171 1314 2235 in
1334 2193 1397 2257 qus

226 2281 287 2343 ego
312 2282 398 2344 sum,
425 2263 611 2325 nostrorum
634 2264 685 2323 est
707 2281 781 2324 cum
803 2259 1009 2342 oppidorum,
1036 2264 1106 2323 tum
1129 2259 1228 2323 etiam
1250 2260 1396 2344 praedio·

225 2371 311 2432 rum,
334 2351 372 2412 ut
399 2352 432 2412 et
459 2349 597 2411 multum
625 2368 695 2411 esse
722 2369 849 2411 mecum
873 2350 919 2431 et,
947 2369 1020 2412 cum
1044 2348 1202 2432 abieritis,
1230 2348 1398 2413 commode
1485 2432 1486 2449 ,

225 2594 252 2648 st
264 2593 390 2648 ismirms
397 2594 465 2662 pot]
479 2592 544 2647 weil
554 2591 665 2647 Atticus
676 2593 784 2647 damals
839 2592 883 2647 De
900 2593 1061 2648 mulieribus
1078 2594 1199 2648 mostrls.
1216 2635 1222 2648 .
1237 2609 1337 2663 quaeso
1353 2594 1396 2649 υἰ-

227 2681 264 2718 an
296 2664 387 2719 einem
416 2663 540 2718 leichten
566 2662 667 2718 Fieber
693 2662 785 2718 krank
839 2665 916 2733 deos,
943 2670 975 2719 ut
1002 2665 1070 2719 sutis
1096 2665 1235 2719 humectum
1258 2665 1400 2720 subisset

226 2751 292 2790 war.
317 2732 414 2790 Cicero
432 2738 525 2790 traute
544 2733 610 2788 dem
627 2733 785 2804 Freigelas-
838 2751 884 2790 eus
907 2735 1011 2790 Romae
1037 2751 1106 2802 esse,
1133 2751 1194 2790 cum
1221 2741 1322 2790 ceterae
1345 2737 1397 2790 illa

227 2822 313 2861 senen
327 2805 496 2861 Philotimus
514 2805 595 2860 nicht
612 2807 669 2860 und
688 2804 785 2860 wollte
838 2807 973 2874 deportate
1004 2807 1190 2861 discesserint:
1221 2808 1271 2861 boc
1297 2807 1398 2873 scripsi

227 2877 273 2931 die
286 2877 486 2946 Verrechnung
499 2877 579 2930 nicht
592 2893 647 2932 von
661 2875 721 2931 ihm
735 2877 784 2930 be·
838 2879 876 2932 ool
893 2894 939 2933 eus
957 2883 982 2932 et
999 2879 1076 2932 orlte
1089 2879 1179 2946 ipsum
1193 2883 1281 2932 amteo.
1311 2877 1398 2931 Velim
1483 2904 1484 2907 ¹

227 2950 307 3018 sorgt
333 2948 443 3003 wissen.
484 2947 543 3002 Att.
564 2947 610 3003 VI.
630 2953 690 3002 9.2
720 2949 782 3018 (sor.
838 2965 883 3004 eus
901 2950 1045 3016 cohortere,
1063 2953 1095 3003 ut
1113 2954 1219 3016 eseam,
1234 2951 1398 3017 praesertim

226 3019 346 3073 Athenis
360 3020 401 3074 Id.
417 3017 553 3088 Octobr.):
572 3019 657 3075 Hauc
670 3048 704 3058 -
717 3035 787 3088 quoe
839 3036 901 3074 eum
927 3036 959 3074 eu
982 3021 1102 3088 praedia
1126 3021 1159 3074 im
1183 3036 1233 3074 ora
1255 3021 1400 3073 maritima

227 3091 375 3144 mehercule
401 3090 472 3144 miti
497 3105 597 3158 maome
623 3090 714 3144 dolori
739 3095 786 3155 est,
839 3091 999 3157 babeamus,
1021 3091 1068 3144 cui
1089 3106 1136 3158 eoo
1149 3107 1294 3159 praesum,
1316 3096 1348 3144 ut
1365 3092 1400 3145 im

227 3161 315 3215 ditem
341 3161 413 3214 mim
440 3161 573 3214 homimem
601 3189 634 3199 -
662 3176 787 3228 proceru
839 3163 877 3215 ils
894 3177 951 3215 mom
968 3162 1132 3216 incommode
1145 3163 1255 3230 possint
1272 3177 1334 3216 esse.

227 3231 391 3285 Precianam
414 3231 588 3285 brreditotem
607 3246 724 3299 morsus
741 3232 787 3285 ille
877 3231 1059 3302 1.Romoeue]
1069 3230 1400 3302 Alr.vl1.1a.s=..qcm

228 3300 354 3371 (Philet.)
381 3317 416 3356 me
441 3303 568 3370 amicost.
588 3331 621 3340 -
644 3300 786 3373 Camillus]
841 3303 1277 3371 museusdeTermtioetTullia,
1290 3302 1396 3358 Romae

230 3374 275 3428 ein
293 3371 406 3426 Freund
426 3370 549 3440 Ciceros,
575 3371 625 3427 der
642 3372 672 3426 in
690 3371 787 3427 diesen
841 3390 887 3428 eos
904 3389 966 3441 esse,
985 3390 1024 3428 am
1040 3389 1151 3441 meeum,
1169 3391 1208 3428 om
1226 3375 1319 3444 aliem
1338 3379 1402 3430 tuto

229 3442 784 3514 Geschtltenbewandertwmmiumpert·
839 3445 904 3499 loco.
930 3472 965 3484 -
990 3461 1078 3499 meum
1113 3445 1268 3516 consillum]
1306 3444 1399 3500 Saehe

228 3515 349 3570 tissimus
371 3514 448 3568 Fam.
472 3514 506 3568 V.
528 3520 571 3569 20.
590 3517 619 3584 3)
647 3515 704 3568 und
732 3513 786 3569 mit
839 3515 944 3570 meiner
971 3501 1159 3586 llberlegung.
1183 3547 1217 3555 -
1240 3532 1294 3571 esse
1325 3517 1399 3587 tuto]

230 3585 286 3641 den
317 3584 554 3654 einschlagenden
583 3585 786 3656 Rechtsfrsgen
838 3589 892 3640 wie
911 3586 1005 3655 gleich
1023 3588 1155 3642 commode
1170 3604 1237 3654 esse3
1256 3603 1277 3641 s.
1293 3606 1315 3640 e.
1330 3593 1355 3643 4.
1370 3593 1398 3641 3.
1485 3614 1486 3645 l

228 3656 677 3728 vertrautwur.-profeetaem's]
690 3656 786 3712 Cicero
840 3688 874 3698 -
892 3657 1066 3713 Dolabellam
1103 3658 1265 3725 Dolabella,
1289 3657 1399 3712 Tulliae

228 3732 381 3853 {hippegum
406 3758 441 3768 -
468 3726 528 3798 cos]
563 3726 694 3784 Terentia
728 3727 787 3782 und
840 3729 1041 3853 gemlhlffi
1059 3728 1399 3855 fftlblgerclslmhund
1485 3754 1486 3757 ¹

253 3817 271 3853 u
294 3816 331 3854 m
860 3817 909 3855 uro
952 3818 962 3853 1
1041 3815 1057 3853 o
1148 3816 1301 3855 morosam
1347 3815 1399 3854 aus

263 3869 353 3925 Emer.
372 3869 420 3924 VI.
457 3873 528 3937 (705.
548 3872 602 3935 49.)
634 3867 690 3924 Der
708 3867 785 3924 Briel
837 3870 987 3940 geschfitzt
1001 3889 1034 3924 zu
1049 3872 1134 3925 sehon
1148 3872 1223 3927 beim
1236 3870 1398 3926 Einritcken

228 3940 329 3997 istim
346 3940 475 4011 Aulange
496 3941 546 3995 des
564 3940 784 4010 Burgerlrrieges
838 3943 888 3997 der
925 3939 1154 3996 Citsarianischsn
1186 3941 1329 3998 Soldaten.
1362 3972 1398 3982 -

249 4012 424 4080 memleben,
451 4012 493 4066 als
517 4010 573 4067 Cic.
600 4012 655 4066 mit
679 4013 784 4066 seinem
837 4019 992 4068 nostrorum
1028 4028 1090 4082 opp.
1118 4012 1286 4084 ..procul
1328 4011 1400 4069 Cen.

228 4031 323 4138 {ohne
345 4083 376 4136 in
395 4082 567 4152 Campanien
586 4081 680 4138 weilts
700 4081 783 4153 (Einl.
838 4084 919 4139 defin.
968 4082 1023 4138 Die
1059 4085 1163 4154 oppidu
1194 4084 1330 4154 gehtrten
1363 4100 1400 4138 au

229 4172 252 4208 z.
262 4154 287 4209 J.
297 4156 370 4222 705).
399 4153 531 4209 Terentia
548 4154 605 4207 und
624 4152 719 4207 Tullia
738 4153 784 4207 be·
838 4153 903 4210 dem
925 4155 1040 4222 Bezirk,
1068 4157 1117 4208 der
1148 4155 1207 4209 ihm
1234 4155 1401 4211 anvertrant

228 4224 333 4279 fanden
352 4223 412 4278 sich
429 4226 504 4279 noch
522 4224 553 4278 in
569 4223 654 4292 Rom,
677 4224 735 4278 und
753 4223 782 4280 C.
837 4225 968 4292 worden,
996 4225 1043 4280 die
1066 4227 1187 4295 praedio
1214 4242 1308 4282 waren
1335 4226 1399 4280 sein

228 4310 289 4350 war
306 4295 546 4363 unentschlossen‚
565 4298 600 4350 ob
621 4311 651 4350 er
665 4294 705 4349 sie
719 4295 784 4348 dort
837 4297 999 4367 Eigentum.
1044 4295 1076 4350 In
1110 4296 1283 4367 Campanien
1314 4295 1401 4367 lagen

228 4364 343 4420 bleiben
359 4364 427 4420 oder
439 4367 512 4420 nach
526 4367 590 4420 dem
602 4364 695 4420 Siiden
704 4366 783 4419 kom·
837 4368 887 4422 das
906 4366 1067 4435 Cumanum,
1082 4367 1132 4422 das
1146 4367 1326 4424 Formianum
1340 4366 1400 4422 und

228 4453 296 4492 men
312 4435 407 4491 lassen
424 4436 515 4491 sollte.
542 4434 600 4490 Att.
621 4437 680 4492 VII.
696 4441 738 4491 14.
753 4442 783 4492 8:
837 4438 888 4494 das
907 4438 1102 4495 Puteolanum.
