2998 4956
551 264 582 331 Q.
601 264 755 320 TULLIUS
775 263 913 322 CICERO.
1276 265 1319 331 53

140 431 262 513 potest,
277 451 373 513 quam
387 428 487 493 istam
497 428 660 511 virtutem,
675 427 931 493 moderationem
942 428 1053 512 animi,
1066 429 1319 512 temperantiam

141 539 209 583 non
231 519 334 582 latere
357 518 393 581 in
415 518 561 581 tenebris
584 539 689 601 neque
713 539 783 581 esse
807 516 962 601 abditam,
985 517 1042 583 sed
1064 517 1099 584 in
1120 518 1191 582 lucc
1209 517 1319 603 Asiae,

141 607 177 671 in
201 607 305 672 oculis
329 606 528 671 clarissimae
547 606 733 690 provinciae
756 610 852 690 atque
871 606 907 670 in
926 607 1059 670 auribus
1079 606 1224 670 omnium
1243 628 1319 692 gen-

140 696 227 760 tium
252 717 289 760 ac
311 696 482 760 nationum
505 717 577 760 esse
599 694 763 778 positam?
786 717 852 760 non
870 695 1042 759 itineribus
1061 694 1126 759 tuis
1144 696 1317 780 perterreri

141 784 301 867 homines,
323 806 389 849 non
409 788 541 867 sumptu
560 783 734 868 exhauriri,
754 805 820 848 non
839 783 978 848 adventu
997 784 1215 848 commoveri?
1238 805 1319 868 esse,

142 894 346 957 quocumque
370 873 506 957 veneris,
529 876 562 938 et
581 873 708 956 publice
727 876 761 936 et
778 872 932 956 privatim
951 872 1126 937 maximam
1150 872 1319 958 laetitiam,

142 983 218 1026 cum
242 962 319 1026 urbs
344 961 524 1044 custodem,
548 983 615 1027 non
637 965 822 1046 tyrannum,
846 961 961 1026 domus
984 961 1157 1045 hospitem,
1179 983 1245 1026 non
1267 982 1320 1024 ex-

141 1050 317 1133 pilatorem
341 1051 501 1134 recepisse
524 1050 693 1114 videatur?

233 1138 292 1202 ΙΙΙ.
324 1138 386 1203 His
414 1143 523 1203 autem
551 1140 585 1202 in
612 1139 708 1202 rebus
736 1138 801 1202 iam
831 1141 864 1202 te
888 1159 965 1202 usus
988 1138 1058 1221 ipse
1080 1136 1226 1221 profecto
1250 1138 1371 1203 eru-10

144 1227 228 1292 divit
250 1249 454 1311 nequaquam
479 1227 559 1291 satis
582 1248 654 1291 esse
676 1227 783 1310 ipsum
806 1227 867 1291 has
890 1231 923 1290 te
946 1226 1065 1291 habere
1088 1227 1239 1310 virtutes,
1262 1226 1319 1290 sed

143 1337 215 1380 esse
235 1315 557 1400 circumspiciendum
577 1316 759 1401 diligenter,
782 1316 872 1380 utin
889 1314 950 1380 hac
969 1315 1116 1382 custodia
1133 1316 1319 1398 provinciae

140 1425 210 1469 non
232 1409 266 1469 te
285 1426 396 1490 unum,
419 1404 473 1468 sed
494 1426 606 1469 omnes
625 1405 793 1469 ministros
812 1403 940 1487 imperii
959 1406 1008 1471 tui
1027 1405 1124 1469 sociis
1143 1408 1176 1468 et
1194 1405 1318 1469 civibus

141 1495 176 1557 et
204 1495 250 1557 rei
278 1494 428 1576 publicae
456 1498 623 1576 praestare
652 1493 789 1558 videare.
835 1493 1039 1577 Quamquam
1065 1494 1192 1578 legatos
1218 1493 1319 1557 habes

140 1603 210 1665 eos,
234 1583 290 1664 qui
314 1582 376 1665 ipsi
400 1603 458 1664 per
482 1604 515 1646 se
542 1582 687 1647 habituri
711 1582 777 1646 sint
799 1581 959 1647 rationem
978 1581 1146 1666 dignitatis
1166 1603 1257 1665 suae3
1280 1580 1318 1646 de

141 1672 264 1754 quibus
291 1669 415 1735 honore
443 1676 476 1735 et
503 1671 662 1754 dignitate
690 1674 724 1734 et
752 1674 859 1735 aetate
886 1674 1031 1755 praestat
1053 1670 1196 1755 Tubero,
1223 1692 1320 1754 quem

142 1779 206 1844 ego
232 1759 382 1837 arbitror,
405 1761 594 1843 praesertim
618 1781 691 1824 cum
711 1760 832 1823 scribat
849 1760 1031 1843 historiam,
1053 1760 1174 1824 multos
1193 1780 1233 1823 ex
1252 1759 1318 1824 suis

144 1848 321 1911 annalibus
344 1870 440 1931 posse
464 1849 614 1932 deligere,
637 1869 718 1931 quos
741 1847 820 1913 velit
838 1852 871 1912 et
888 1848 995 1932 possit
1012 1848 1147 1931 imitari3
1170 1847 1319 1912 Allienus

143 1939 253 2000 autem
277 1941 390 2002 noster
413 1941 463 2001 est
485 1958 557 2001 cum
582 1936 690 2001 animo
714 1940 747 2000 et
769 1937 1005 2021 benevolentia,
1028 1940 1098 2000 tum
1121 1957 1198 1999 vero
1219 1938 1320 2000 etiam

143 2024 329 2090 imitatione
357 2025 495 2091 vivendi.
540 2024 626 2090 Nam
650 2024 727 2108 quid
750 2044 812 2108 ego
835 2025 874 2089 de
899 2024 1048 2090 Gratidio
1071 2024 1195 2089 dicam?
1224 2046 1319 2109 quem

142 2117 234 2178 certo
259 2113 327 2179 scio
351 2114 398 2178 ita
420 2114 567 2179 laborare
591 2114 630 2178 de
653 2114 892 2179 existimatione
916 2137 989 2197 sua,
1016 2117 1054 2177 ut
1076 2117 1208 2197 propter
1232 2134 1320 2176 amo·

141 2223 214 2266 rem
242 2202 278 2266 in
308 2224 367 2268 nos
395 2202 573 2267 fraternum
602 2203 701 2266 etiam
729 2201 768 2267 de
790 2206 903 2267 nostra
926 2204 1060 2268 laboret
1107 2201 1319 2277 Quaestorem
1332 2201 1370 2268 ll

141 2291 247 2355 habes
275 2311 342 2354 non
371 2295 427 2356 tuo
455 2291 576 2356 iudicio
604 2291 778 2375 delectum,
806 2292 862 2355 sed
890 2314 978 2376 eum,
1006 2313 1101 2375 quem
1125 2311 1195 2354 sors
1219 2290 1319 2354 dedit:

140 2380 230 2443 hunc
258 2382 387 2463 oportet
415 2383 447 2444 et
470 2401 530 2444 sua
553 2384 669 2464 sponte
693 2401 763 2444 csse
787 2380 989 2446 moderatum
1013 2383 1046 2445 et
1068 2379 1134 2444 tuis
1157 2379 1319 2444 institutis

181 2595 207 2643 9.
235 2590 268 2643 iu
291 2591 349 2645 tuce
371 2587 468 2659 Asiae]
498 2589 539 2642 De
564 2587 632 2659 imp.
656 2589 705 2644 On.
795 2589 844 2644 ΠΙ.
880 2589 940 2645 Der
973 2587 1135 2645 Stuttbulter
1170 2591 1244 2657 musa
1279 2589 1325 2643 eiu

140 2660 241 2728 Pomp.
262 2666 290 2714 ἵε
315 2660 520 2730 (Mithridates)
541 2662 584 2715 itu
600 2666 706 2731 rcprrat,
759 2662 922 2716 wuclrsumes
934 2659 1014 2729 Aupe
1032 2660 1090 2726 auf
1102 2662 1147 2715 die
1159 2661 1217 2715 ibm
1229 2666 1323 2716 uutcr·

140 2738 175 2787 ut
207 2747 235 2786 sc
261 2747 319 2786 uou
345 2731 431 2786 Pouti
459 2774 465 2786 .
490 2770 497 2784 .
525 2731 637 2786 latebris
664 2747 706 2787 oc·
760 2733 877 2800 pebeucu
896 2730 1083 2786 btauudicucr
1101 2732 1198 2785 bcbeu.

140 2803 330 2867 cultureuelit,
345 2803 426 2858 sed..
441 2803 473 2855 r'u
482 2801 568 2858 Asiae
583 2803 707 2857 lucebur-
798 2806 840 2856 10.
867 2800 1001 2871 profecto]
1031 2801 1058 2854 S.
1082 2819 1104 2855 a.
1128 2800 1149 2856 I.
1175 2806 1216 2854 14.
1240 2805 1266 2855 4.
1290 2831 1324 2840 -

143 2874 213 2928 sari.
263 2874 332 2928 Lurc
367 2873 532 2927 bezeichnet
564 2872 614 2926 das
645 2889 707 2927 ver·
764 2875 876 2941 topatus]
902 2871 954 2925 Die
972 2871 1099 2939 Legaten
1118 2870 1175 2942 (fdr
1193 2871 1239 2925 die
1258 2872 1323 2926 Pro·

141 2943 266 2999 breitete
289 2943 385 3012 Licht,
412 2943 457 2998 die
480 2942 648 3013 Helligkeit3
677 2946 709 2998 iu
762 2941 922 2997 mnaAsien
935 2941 1007 3010 drei)
1021 2942 1323 2997 wurdenvomSenate

142 3016 204 3071 luce
230 3016 317 3070 Asiae
335 3040 369 3060 ·=·
387 3014 418 3068 in
446 3014 509 3068 dem
538 3015 652 3083 biuhts,
679 3015 710 3069 in
765 3031 815 3069 aus
833 3015 969 3068 Mbnnern
988 3014 1197 3068 senatorischen
1211 3012 1324 3083 Ranges

143 3086 211 3140 dem
235 3084 340 3140 Glanne
368 3084 444 3155 (weil
471 3102 508 3140 an
531 3086 581 3141 der
604 3084 710 3155 Spitre)
764 3088 894 3152 ernannt,
924 3083 991 3140 aber
1018 3084 1071 3139 mit
1094 3083 1249 3139 Rdclrsicht
1276 3084 1327 3139 aut

40 3188 43 3191 ·
142 3157 245 3211 Asiens
265 3183 299 3203 =
325 3157 355 3212 in
381 3161 542 3225 conspectu.
583 3157 640 3210 Fur
664 3156 709 3211 die
763 3159 818 3212 den
836 3156 962 3210 Wunsch
986 3155 1099 3226 dassen,
1123 3157 1186 3211 dem
1206 3155 1246 3211 sie
1265 3152 1325 3210 bei·

143 3227 708 3296 Bedentungvontumvgl.Fam.Il.12.2,
762 3229 890 3298 gegeben
909 3228 1031 3282 wurden.
1058 3226 1104 3283 Sie
1118 3244 1212 3283 waren
1226 3228 1325 3282 durch·

143 3316 188 3354 wo
214 3297 310 3353 cicero
339 3315 390 3352 aus
414 3298 531 3353 Cilicien
556 3315 592 3353 an
615 3297 709 3353 (itlius
763 3315 814 3353 aus
831 3316 897 3355 vom
911 3298 1083 3353 Statthalter
1097 3298 1250 3368 abhbngig,
1268 3297 1326 3351 und

146 3370 284 3425 schreibt:
315 3370 425 3437 Urbem,
444 3370 551 3437 urbem,
569 3371 607 3424 mi
625 3369 709 3438 Rufe,
763 3371 855 3424 dieser
890 3385 949 3423 war
985 3368 1030 3423 ffir
1061 3369 1123 3425 ihre
1155 3369 1325 3425 Amtshand·

143 3442 201 3496 cole
228 3447 254 3496 ct
275 3444 311 3496 iu
333 3443 403 3496 istu
426 3441 498 3495 luce
520 3443 592 3497 uiue:
620 3443 708 3496 omnis
762 3442 867 3510 langen
885 3440 1124 3496 verantwortlich.
1162 3442 1199 3494 Es
1217 3440 1324 3494 konnte

141 3513 331 3582 perepriuutr'o
364 3512 508 3566 obscura
539 3518 564 3566 et
594 3513 709 3567 sordida
761 3512 847 3566 ihnen
880 3510 926 3566 die
953 3510 1138 3566 Jurisdikcion
1169 3511 1200 3564 in
1233 3509 1325 3565 einem

143 3588 184 3639 est
210 3585 261 3649 iis,
293 3599 408 3652 quorum
436 3583 578 3638 iudustriu
604 3583 708 3638 Romae
762 3580 842 3637 Taile
869 3582 919 3637 der
941 3582 1061 3637 Provinu
1088 3581 1156 3636 oder
1181 3582 1227 3635 ein
1251 3580 1326 3634 selb-

138 3660 232 3724 potest
257 3654 410 3708 illustria
429 3656 474 3722 (=
497 3655 529 3708 iu
552 3655 621 3724 tuce)
646 3669 707 3709 esee.
763 3653 908 3723 stbndiges
941 3653 1131 3724 Kommando
1155 3651 1326 3720 tibertragen

143 3723 211 3792 Vgl.
236 3723 419 3779 Gat.m.12=
451 3741 501 3779 uec
523 3741 586 3779 uero
608 3726 655 3779 ille
677 3727 709 3779 iu
762 3725 927 3780 werden-
945 3724 1062 3794 Tubero]
1078 3709 1199 3788 (billius
1214 3722 1326 3776 Tubero

144 3798 218 3851 tuce
235 3797 314 3851 modo
328 3801 408 3865 atqcue
426 3797 462 3849 iu
480 3796 591 3849 oculis
608 3796 708 3850 ciuium
762 3812 821 3849 war
848 3793 902 3849 mit
929 3792 1026 3849 Cicero
1054 3810 1111 3848 von
1138 3792 1250 3862 dugend
1278 3791 1329 3847 auf

144 3883 271 3938 mapuus.
290 3897 325 3906 -
344 3866 503 3937 itineribus]
531 3864 597 3919 Man
625 3865 708 3934 sieht,
762 3866 936 3919 befrenndet.
978 3865 1016 3917 Er
1044 3862 1155 3918 schrieb
1185 3864 1255 3916 iiber
1281 3868 1326 3917 rb·

144 3937 192 3992 die
199 3936 375 3992 Amtsreisen
382 3936 608 3995 derStatthalter
615 3953 710 3992 waren
763 3936 868 3990 mische
889 3935 1066 3989 Geschichte.
1082 3964 1115 3974 -
1134 3934 1274 4005 Allienus]
1289 3934 1327 3989 ist

144 4010 197 4063 der
207 4007 365 4063 Schrecken
376 4008 426 4063 der
434 4007 636 4064 Prorinzialen.
652 4007 707 4062 Cic.
763 4010 843 4061 sonst
861 4004 940 4061 nicht
960 4004 1093 4061 bekannt.
1111 4036 1146 4045 —
1166 4004 1326 4076 Gratidius]

144 4082 181 4135 de
200 4081 268 4149 imp.
288 4079 336 4134 Gn.
355 4079 453 4148 Pomp.
477 4085 493 4145 ς
513 4086 558 4134 13:
585 4080 624 4134 Iu
644 4095 708 4148 pro·
763 4095 821 4132 war
839 4078 892 4130 mit
908 4077 1005 4132 Cicero
1024 4076 1177 4131 verwandt.

143 4154 268 4208 uiucium
290 4151 423 4206 eiusmodi
441 4151 562 4206 bomirus
580 4167 641 4206 cum
659 4152 708 4204 im·
803 4154 845 4204 11.
863 4148 934 4219 sors]
958 4147 1011 4202 Die
1031 4147 1189 4213 Qutstoren
1212 4148 1327 4202 worden

140 4225 222 4293 perio
236 4222 379 4287 mittimus,
397 4227 438 4287 ut,
453 4223 535 4277 etium
549 4224 575 4275 si
588 4223 623 4276 ab
637 4222 711 4277 besta
763 4220 810 4273 fiir
835 4219 880 4274 die
904 4220 1048 4273 einzelnen
1066 4218 1220 4274 Provinzen
1239 4218 1326 4273 durch

143 4295 310 4362 defeudaut,
329 4298 420 4347 temeri
437 4294 560 4361 ipsorum
578 4294 711 4348 aduectus
766 4292 817 4345 das
831 4289 886 4345 Los
904 4290 1057 4346 bestimmt.
1072 4321 1106 4331 -
1120 4291 1193 4346 buum
1210 4289 1325 4360 oportet]

142 4368 177 4420 iu
199 4366 282 4420 urbes
304 4364 439 4419 sociorum
460 4380 517 4418 uou
540 4363 656 4417 multum
674 4363 710 4417 ab
765 4363 822 4416 Das
835 4360 998 4416 Verbaltnis
1018 4365 1066 4416 des
1081 4359 1217 4425 Qubstors
1235 4363 1265 4416 in
1278 4362 1328 4415 der

144 4438 240 4494 hostili
258 4437 463 4506 eupupuotc'ouc
481 4435 619 4501 differunt.
765 4432 885 4489 Provinz
904 4451 967 4487 unm
981 4433 1080 4488 Prator
1100 4433 1162 4502 galt
1178 4448 1252 4488 more
1268 4448 1325 4487 mu·
