2998 4956
195 281 239 345 54
620 278 688 331 ΙιΙΒ.
708 276 729 331 Ι.
766 275 877 331 EPIST.
898 281 939 331 18.

194 466 232 509 ac
250 445 434 528 praeceptis
453 444 686 526 obtemperare.
711 439 857 516 Quorum
872 439 985 523 siquis
1001 439 1086 504 forte
1100 443 1186 505 esset
1200 439 1372 524 sordidior,

192 534 295 598 ferres
319 536 462 616 eatenus,
486 531 590 615 quoad
615 552 671 614 per
690 551 724 594 se
744 529 932 614 neglegeret
951 551 1005 593 eas
1024 530 1123 614 leges,
1147 530 1264 613 quibus
1284 532 1372 594 esset

193 621 382 702 adstrictus,
411 643 478 686 non
506 624 542 684 ut
570 642 608 684 ea
632 621 810 702 potestate,
839 640 935 701 quam
959 622 996 682 tu
1020 619 1061 682 ad
1084 618 1276 702 dignitatem
1298 641 1371 702 per-

194 710 350 792 misisses,
374 709 414 773 ad
438 712 611 792 quaestum
634 711 793 790 uteretu13
817 728 920 790 neque
944 708 1031 771 enim
1053 706 1134 771 mihi
1158 728 1235 771 sane
1254 708 1372 791 placet,

193 798 482 883 praesertimcum
506 798 541 861 hi
565 818 671 861 mores
694 799 824 860 tantum
846 797 912 860 iam
936 796 976 859 ad
994 797 1130 860 nimiam
1148 794 1319 861 lenitatem
1339 800 1374 860 et

193 887 233 951 ad
257 885 469 951 ambitionem
492 886 707 970 incubuerint,
730 886 868 950 serutari
886 888 918 949 te
938 906 1053 949 omnes
1077 884 1196 967 sordes,
1221 889 1371 950 excutere

192 998 293 1040 unum
316 997 475 1060 quemque
495 997 616 1057 eorum,
639 974 705 1059 sed,
728 978 850 1058 quanta
869 974 964 1038 sitin
985 995 1111 1057 quoque
1129 973 1218 1057 fides,
1242 977 1372 1039 tantum

195 1065 309 1148 cuique
333 1065 543 1129 committere.

284 1153 393 1237 Atque
421 1153 507 1217 inter
533 1153 594 1217 hos
622 1174 690 1235 eos,
719 1173 800 1235 quos
828 1151 889 1216 tibi
913 1150 1049 1216 comites
1074 1154 1107 1215 et
1129 1151 1293 1217 adiutores
1316 1174 1372 1217 ne-

192 1243 357 1327 gotiorum
380 1242 584 1325 publicorum
607 1241 696 1305 dedit
717 1240 790 1323 ipsa
813 1262 866 1304 res
889 1241 1036 1324 publica,
1061 1239 1229 1305 dumtaxat
1251 1241 1372 1306 finibus

142 1332 183 1396 12
197 1331 237 1395 iis
264 1331 462 1414 praestabis,
491 1353 572 1415 quos
596 1335 672 1394 ante
695 1329 905 1414 praescripsi,
935 1325 1023 1416 (IV.)
1046 1351 1126 1413 quos
1150 1351 1227 1395 vero
1250 1336 1307 1394 aut
1332 1352 1373 1394 ex

197 1420 382 1485 domesticis
425 1420 681 1485 convictionibus
719 1421 776 1483 aut
812 1440 850 1482 ex
885 1419 1078 1482 necessariis
1115 1419 1374 1502 apparitionibus

195 1512 303 1573 tecum
332 1530 403 1573 esse
430 1509 577 1593 voluisti,
607 1508 663 1593 qui
689 1507 783 1591 quasi
811 1528 851 1570 ex
878 1506 1010 1571 cohorte
1034 1508 1193 1591 praetoris
1217 1507 1376 1591 appellari

196 1597 317 1676 solent,
343 1597 461 1661 horum
488 1619 553 1662 non
581 1596 677 1661 modo
707 1595 809 1680 iacta,
837 1595 893 1660 sed
917 1596 1016 1660 etiam
1040 1595 1126 1660 diota
1150 1597 1260 1660 omnia
1282 1618 1375 1680 prae-

196 1687 313 1750 standa
338 1686 435 1750 nobis
465 1690 548 1750 sunt.
596 1683 659 1751 Sed
685 1685 788 1749 habes
817 1706 872 1749 eos
900 1687 1020 1768 tecum,
1048 1705 1128 1769 quos
1152 1686 1259 1769 possis
1285 1689 1374 1750 recte

195 1774 352 1839 facientes
380 1775 476 1839 facile
503 1775 650 1859 diligere,
678 1775 785 1839 minus
809 1773 1015 1838 consulentes
1040 1772 1273 1838 existimationi
1296 1777 1373 1839 tuae

191 1863 346 1928 facillime
370 1869 528 1947 codrcere3
553 1887 572 1928 a
596 1863 724 1947 quibus,
747 1862 835 1928 rudis
858 1884 932 1927 cum
956 1883 1053 1946 esses,
1076 1861 1202 1927 videtur
1225 1864 1371 1946 potuisse

192 1956 251 2016 tua
282 1952 463 2017 liberalitas
495 1952 611 2035 decipi:
644 1974 720 2016 nam
748 1956 786 2015 ut
813 1952 949 2035 quisque
977 1954 1028 2015 est
1056 1952 1106 2015 vir
1135 1952 1291 2035 optimus,
1324 1953 1372 2016 ita

192 2040 384 2106 difficillime
413 2063 483 2106 esse
511 2042 593 2106 alios
623 2041 791 2124 improbos
820 2041 1016 2123 suspicatur:
1044 2062 1130 2105 nunc
1153 2062 1229 2105 vcro
1252 2039 1370 2106 tertius

189 2129 242 2195 hie
270 2152 374 2195 annus
399 2131 519 2195 habeat
547 2131 770 2214 integritatem
795 2129 929 2193 eandem
953 2150 1049 2212 quam
1074 2128 1270 2213 superiores,
1299 2152 1371 2194 oau-

188 2394 279 2448 iorum
315 2394 357 2446 als
395 2391 440 2446 ein
477 2392 752 2448 Piettitsverhtltnis.
808 2391 944 2462 (Legaten
965 2392 1024 2445 und
1044 2391 1174 2461 Quastor)
1196 2391 1292 2445 bilden
1318 2393 1371 2447 den

188 2461 245 2517 (tic.
271 2463 318 2517 div
360 2463 398 2518 in.
422 2463 502 2519 Caso.
527 2471 573 2519 61:
609 2464 657 2518 Sic
682 2464 753 2517 euim
808 2464 964 2529 Gegcnsata
988 2481 1020 2517 au
1039 2463 1094 2517 den
1113 2469 1128 2529 ς
1144 2469 1175 2517 12
1196 2461 1371 2522 Genannten.

187 2551 206 2588 o
219 2535 379 2589 maioribus
392 2535 493 2589 uostris
502 2536 662 2604 accepimus,
671 2550 754 2603 prae-
842 2533 888 2588 IV.
895 2533 957 2588 Dae
963 2533 1107 2588 Verhoitere
1111 2535 1248 2604 pependere
1254 2535 1373 2605 Gefoipe.

187 2610 271 2660 torem
298 2608 441 2675 quaestori
467 2622 518 2661 erro
541 2606 669 2675 pareatis
696 2606 753 2660 ioco
845 2610 886 2659 12.
904 2606 1286 2678 convictionibus-appar]
1303 2606 1374 2661 Abs·
1487 2622 1488 2647 ³

187 2692 242 2731 eece
273 2683 406 2744 oportere.
452 2677 530 2733 Fam.
558 2676 630 2731 XIlI.
658 2682 699 2731 10.
725 2682 754 2729 1:
808 2679 901 2732 tracta
931 2674 976 2729 ftr
1010 2674 1161 2744 concreta,
1193 2676 1289 2731 indam
1322 2679 1373 2732 der

189 2778 222 2872 ἶ
244 2764 320 2802 ruore
342 2750 492 2875 poppedio,
513 2749 562 2875 pipi
583 2750 655 2803 boue
675 2765 755 2817 qaae-
809 2746 1079 2871 {mutini-diri
1098 2746 1371 2874 Wirksaidkistthei

187 2834 390 2876 emercaretur
417 2836 506 2875 torrem
523 2838 534 2875 r
553 2835 755 2875 eroramueces-
834 2835 914 2874 erson
944 2835 977 2870 ur
1016 2835 1040 2872 ie
1081 2833 1163 2872 erson
1181 2835 1210 2874 se
1242 2837 1254 2872 s
1286 2836 1329 2873 se
1366 2863 1372 2874 .

188 2891 313 2946 siiudirei
331 2893 490 2962 proximam
513 2893 601 2946 coierit
619 2907 679 2946 esse.
718 2890 755 2943 Er
809 2890 861 2944 Die
879 2890 992 2944 conciet.
1012 2890 1074 2942 sind
1093 2889 1139 2943 die
1156 2889 1372 2945 contubernales

188 2960 288 3015 ffihrte
302 2961 692 3019 unterVerantwortlichkeit
706 2961 755 3015 des
810 2961 878 3017 oder
892 2959 1010 3013 comites
1024 2960 1172 3028 praetoris,
1183 2961 1272 3031 junge
1284 2961 1373 3018 Leute

188 3031 371 3088 Statthalters
390 3034 436 3087 dic
450 3034 539 3087 Kassa
558 3033 604 3086 fur
622 3033 668 3086 die
684 3033 753 3085 Pro·
810 3049 861 3086 aas
888 3031 1061 3086 vornehmen
1084 3030 1236 3100 Familiae,
1264 3034 1373 3087 welche

187 3102 485 3172 vinzialverwaltung‚
516 3105 603 3157 nahm
637 3102 683 3157 die
715 3120 752 3156 an
810 3104 901 3170 „nach
933 3102 1114 3170 Vollendung
1145 3104 1221 3157 ihrer
1253 3103 1372 3159 Rechts·

188 3173 264 3227 diesa
283 3193 316 3228 zu
336 3175 491 3229 zahlenden
505 3173 607 3228 Golder
625 3190 676 3227 aus
696 3174 752 3227 den
809 3173 921 3228 studien
940 3174 1081 3227 entweder
1100 3173 1142 3227 als
1156 3189 1311 3229 assessores
1325 3174 1373 3230 bei

187 3244 327 3313 Abgabcn
350 3246 400 3299 der
417 3244 536 3299 Provina
560 3245 606 3298 ein
628 3244 685 3298 und
703 3243 751 3298 be·
809 3244 864 3299 den
879 3244 1030 3298 Gerichtan
1049 3244 1118 3298 oder
1136 3244 1179 3299 als
1194 3243 1373 3301 Teilnehmer

187 3314 266 3369 stritt
291 3316 344 3369 den
364 3315 515 3371 Unterhalt
537 3318 587 3369 der
606 3314 751 3370 Beamtan.
807 3333 843 3370 an
893 3314 1258 3385 Verwaltungsgasch'aften
1311 3317 1372 3372 sich

187 3416 221 3510 d
231 3403 291 3509 popl
301 3387 339 3457 sc]
361 3386 417 3512 ‘gip
431 3385 512 3510 spch',
532 3387 605 3513 chag
619 3385 752 3511 ciuptvon
808 3386 897 3441 selbst
918 3385 1372 3512 Eriphrpngbimhtsitqatqdieqpte

206 3475 231 3510 ir
260 3473 346 3511 inen
412 3474 442 3512 er
455 3475 553 3513 ascens
606 3473 666 3512 ewa
718 3476 752 3510 au
806 3474 1001 3512 zusammen
1042 3474 1077 3511 ea
1098 3475 1136 3512 uc
1215 3474 1277 3515 en.
1342 3476 1373 3514 er

188 3526 404 3583 missbrauchen.
434 3560 466 3568 -
495 3532 526 3585 ti
557 3530 654 3601 mores]
693 3528 751 3582 ‘die
807 3529 977 3583 Statthalter
1002 3527 1107 3584 wthlte
1131 3477 1299 3597 siagselbst,
1329 3531 1371 3584 sie

185 3597 313 3668 jetzigen
323 3600 436 3668 Sittsn’,
450 3599 504 3655 wie
514 3602 580 3655 boec
589 3602 655 3656 urbe
664 3599 750 3667 disse,
807 3600 921 3655 wurden
932 3601 1000 3654 abar
1010 3598 1266 3655 aufStaatskostan
1274 3603 1373 3655 unter-

190 3670 236 3726 dis
259 3671 367 3740 hiesiga
387 3670 482 3739 Stadt,
506 3670 536 3725 in
560 3671 610 3726 der
627 3670 675 3725 ioh
693 3670 750 3739 bin,
804 3671 902 3725 halten
926 3671 1036 3740 (cohors
1060 3670 1204 3739 praetoria
1228 3671 1284 3727 seit
1306 3673 1372 3727 dem

188 3742 254 3796 baec
282 3742 392 3811 repotia
424 3743 469 3796 die
501 3743 629 3811 hiesigen
657 3744 751 3810 Ange·
800 3742 941 3812 jiingeren
960 3740 1054 3811 Scipio
1073 3743 1219 3812 genannt).
1245 3743 1374 3813 Apport-

189 3812 381 3883 legenheiten,
411 3814 684 3880 tetartemoria
707 3813 735 3866 f*
805 3820 876 3868 tores
902 3829 996 3867 waren
1024 3812 1070 3866 dic
1098 3813 1221 3882 scribae,
1252 3831 1372 3870 nomen·

188 3883 266 4007 imp,
276 3884 355 3938 Rom.
377 3917 410 3966 ᾗ
429 3885 615 3967 apetitiouem]
637 3885 751 3939 ambitio
806 3885 941 3966 alatores,
960 3882 1116 3967 tabellarii,
1155 3900 1300 3953 maeones,
1320 3887 1371 3940 ha·

190 3957 355 4082 stetit
372 3955 689 4098 tr‘attrrrruf
703 3974 751 4080 u
804 3955 1150 4107 restitistis
1165 3957 1371 4096 {iiiiii

188 4114 244 4152 von
277 4099 368 4153 dieser
395 4097 471 4153 Seite
503 4099 594 4153 sicher
622 4117 656 4153 zu
683 4097 751 4154 sein.
807 4096 922 4167 cigenti.
942 4096 1028 4152 Sinna
1046 4097 1093 4152 dia
1112 4097 1203 4152 Garde
1224 4098 1273 4153 dos
1287 4099 1371 4154 Feld·

189 4168 241 4222 ierr.
266 4174 290 4222 et
312 4171 383 4225 amb.
408 4169 577 4224 ‘Nachsicht
598 4189 625 4224 u.
650 4167 752 4223 Gunst·
806 4167 890 4222 herm
921 4167 1111 4223 bezeichnetc.
1131 4200 1164 4209 —
1182 4171 1264 4225 radic
1287 4187 1309 4225 c.
1333 4169 1370 4241 a]

189 4239 339 4293 buhlerei'.
381 4239 445 4294 Wie
473 4239 529 4294 viel
553 4241 627 4295 nach
650 4241 752 4294 eschen
806 4239 846 4293 im
865 4242 956 4294 ersten
970 4239 1055 4294 Jahra
1071 4241 1120 4294 der
1133 4239 1371 4309 Vcrwaltung.—

188 4307 294 4377 warde,
316 4307 391 4378 zeigt
410 4309 455 4364 die
475 4311 546 4365 eben
565 4259 753 4380 geschilderie
806 4328 882 4365 aare
901 4341 934 4350 -
953 4311 1164 4382 diligentiorem]
1190 4310 1263 4381 jetzt
1289 4312 1370 4366 wirst

190 4380 285 4445 (ferres
322 4383 443 4450 euterius)
480 4382 537 4435 und
574 4382 753 4450 empfohlene
807 4383 846 4434 du
860 4383 962 4437 eberiso
976 4380 1183 4437 rechtschaffen
1197 4383 1250 4437 wie
1264 4383 1369 4451 frdhcr,

191 4449 297 4505 Praxis.
326 4481 359 4492 —
389 4452 441 4507 Dia
478 4453 586 4507 comites
610 4484 642 4492 -
666 4457 752 4523 nepot.
808 4452 875 4508 aber
895 4452 1079 4522 vorsichtiger
1097 4455 1164 4509 scin.
