2998 4956
230 290 275 353 46
658 286 728 342 LIB.
746 286 768 342 Ι.
804 285 917 341 EPIST.
938 287 989 340 171

232 474 353 516 rarum.
398 449 615 515 Vehementer
643 449 745 535 igitur
772 449 896 535 gaudeo
923 454 956 514 te
979 469 1086 513 meam
1111 447 1180 513 sine
1204 446 1409 514 dubitatione

234 540 397 625 accepisse
422 539 672 604 exeusationem.

193 630 216 695 2
321 628 440 692 Gratos
458 628 521 692 tibi
539 629 732 711 optatosque
751 648 830 710 csse,
850 628 906 710 qui
926 626 963 689 de
980 647 1031 689 me
1045 646 1192 689 rumores
1207 624 1407 707 adferuntur,

231 739 300 782 non
323 717 445 800 dubito,
468 716 514 780 mi
537 715 721 780 dulcissime
746 715 832 798 Tiro,
854 714 1094 798 praestaboque
1119 716 1151 777 et
1175 714 1288 797 enitar,
1311 717 1350 777 ut
1373 715 1408 777 in

231 807 300 870 dies
329 805 434 888 magis
463 805 630 888 magisque
657 804 738 867 haee
765 825 900 868 nascens
928 803 967 867 de
995 824 1048 867 me
1077 801 1258 885 duplicetur
1281 802 1407 885 opinio:

232 916 331 980 quare
355 893 441 979 quod
464 893 628 977 polliceris
651 896 684 956 te
704 893 926 957 bucinatorem
944 891 1014 955 fore
1034 890 1285 955 existimationis
1305 911 1411 974 meae,

231 985 326 1047 firmo
353 983 387 1047 id
416 982 644 1065 constantique
674 981 782 1046 animo
809 981 910 1045 facias
937 981 1027 1045 licet:
1055 982 1185 1043 tantum
1214 979 1300 1042 enim
1326 978 1408 1042 mihi

232 1073 376 1137 dolorem
404 1072 645 1155 cruciatumque
674 1070 854 1134 attulerunt
877 1072 985 1133 errata
1007 1068 1127 1132 aetatis
1149 1088 1253 1149 meae,
1280 1070 1406 1131 utnon

233 1162 340 1225 solum
368 1161 494 1225 animus
523 1181 543 1222 a
570 1158 680 1241 factis,
709 1158 764 1222 sed
788 1179 882 1222 aures
907 1178 1033 1242 quoque
1058 1178 1077 1220 a
1100 1154 1410 1221 commemoratione

233 1249 437 1313 abhorreant.
471 1245 569 1312 Cuius
592 1251 624 1310 te
648 1246 875 1312 sollicitudinis
899 1251 932 1310 et
955 1245 1076 1311 doloris
1096 1245 1287 1328 participem
1305 1243 1407 1308 fuisse
1487 1262 1489 1325 q

231 1341 347 1402 notum
365 1337 632 1421 exploratumque
652 1341 702 1399 est
720 1335 814 1416 mihi3
833 1356 892 1400 nec
911 1334 945 1398 id
963 1336 1095 1418 mirum3
1113 1355 1190 1398 nam
1209 1354 1282 1397 cum
1296 1332 1408 1397 omnia

232 1447 306 1491 mea
329 1447 427 1490 causa
449 1425 550 1489 velles
575 1424 655 1488 mihi
679 1445 840 1507 successa,
862 1428 934 1488 tum
958 1424 1056 1487 etiam
1079 1428 1151 1506 tua3
1174 1422 1297 1486 socium
1320 1422 1407 1485 enim

233 1520 266 1579 te
291 1536 437 1579 meorum
461 1513 703 1579 commodorum
726 1533 854 1595 semper
877 1534 947 1576 esse
970 1511 1067 1576 volui.

198 1606 220 1669 3
326 1601 487 1678 Quoniam
514 1602 615 1686 igitur
641 1606 713 1665 tum
741 1623 780 1666 ex
806 1623 858 1665 me
887 1600 1032 1683 doluisti,
1060 1620 1145 1663 nuno
1168 1601 1205 1662 ut
1227 1597 1414 1683 duplicetur

235 1696 328 1756 tuum
357 1713 396 1755 ex
423 1712 474 1755 me
498 1690 665 1775 gaudium,
690 1690 874 1774 praestabo.
922 1687 1078 1772 Cratippo
1102 1708 1153 1751 me
1177 1690 1259 1752 scito
1282 1708 1349 1750 non
1372 1689 1412 1751 ut

235 1779 443 1865 discipulum,
481 1779 535 1843 sed
570 1782 607 1842 ut
638 1779 740 1843 filium
774 1800 844 1843 esse
877 1777 1191 1858 coniunctissimum;
1226 1797 1304 1839 nam
1335 1796 1409 1838 oum

235 1869 331 1935 audio
368 1869 462 1932 illum
497 1867 650 1951 libenter,
681 1870 754 1931 tum
790 1866 889 1931 ctiam
920 1866 1087 1949 propriam
1115 1865 1184 1928 cius
1214 1863 1411 1928 suavitatem

235 1956 442 2023 vehementer
461 1956 655 2039 amplector:
678 1978 750 2021 sum
768 1959 856 2021 totos
876 1954 945 2019 dies
964 1976 1037 2019 cum
1056 1974 1094 2017 eo
1112 1952 1281 2035 noctisque
1300 1973 1410 2038 saepe-

234 2068 369 2111 numero
388 2048 529 2129 partcm3
548 2066 644 2109 exoro
664 2045 761 2128 enim,
779 2047 817 2108 ut
835 2065 962 2108 mecum
982 2064 1080 2126 quam
1099 2040 1289 2125 saepissime
1308 2044 1411 2105 cenet.

235 2134 307 2200 Hac
320 2134 507 2200 introducta
521 2133 753 2198 consuetudine
769 2154 864 2216 saepe
878 2131 1091 2196 inscientibus
1106 2130 1202 2194 nobis
1217 2132 1250 2192 et
1264 2129 1409 2194 cenanti·

234 2223 296 2288 bus
329 2224 458 2306 obrepit
489 2223 680 2306 sublataque
714 2222 889 2286 seueritate
917 2219 1146 2304 philosophiae
1173 2217 1412 2283 humanissime

234 2466 316 2520 hatte
330 2464 361 2519 in
380 2465 483 2519 seinem
502 2464 609 2520 letzten
622 2465 715 2520 Briefe
730 2466 794 2519 dem
848 2466 928 2520 hatte
952 2465 1018 2519 Tiro
1042 2464 1262 2535 tailgenommen
1285 2480 1323 2518 an
1345 2462 1412 2516 dem

234 2535 301 2590 Tiro
315 2536 472 2606 angezeigt,
491 2535 552 2590 dass
571 2554 601 2590 er
618 2535 680 2590 eine
694 2536 794 2591 Unter·
850 2537 1010 2604 Schmerze‚
1035 2535 1089 2590 den
1113 2534 1153 2591 sie
1175 2535 1245 2588 fiber
1267 2534 1313 2588 die
1337 2533 1411 2588 Ver-

234 2607 381 2676 brechung
408 2606 448 2660 im
476 2606 628 2661 Schreiben
656 2607 795 2661 eintreten
848 2603 1409 2676 irrungendesjungenciceroempfand.

234 2680 330 2732 lassen
348 2678 439 2746 welle,
457 2678 515 2732 und
533 2678 596 2732 eine
614 2677 794 2732 Entschuldi·
848 2677 1042 2732 Andererseits
1064 2695 1123 2732 war
1146 2679 1196 2731 der
1220 2679 1306 2745 „gnte
1324 2674 1413 2730 Tiro“

235 2766 314 2818 gang
336 2749 419 2803 daftir
444 2749 608 2819 angelthrt3
635 2749 701 2803 Tiro
727 2749 795 2804 aber
849 2748 948 2818 geniis
963 2750 1036 2803 such
1049 2748 1202 2817 derjenige,
1221 2747 1267 2801 bei
1280 2746 1344 2801 dem
1360 2746 1412 2800 der

233 2821 315 2874 hatte
338 2820 434 2874 diesen
457 2820 595 2875 Umstand
618 2820 721 2890 gerade
747 2821 795 2875 be·
846 2821 965 2890 jungere
984 2819 1080 2874 Cicero
1103 2818 1134 2871 in
1151 2819 1242 2872 Freud
1261 2818 1319 2871 und
1338 2817 1411 2872 Leid

234 2892 327 2959 nutat,
355 2892 419 2946 dem
444 2890 553 2961 jungen
581 2892 683 2946 Manna
713 2892 795 2946 einen
849 2895 919 2946 stete
933 2891 979 2946 ein
992 2889 1113 2958 williges
1129 2888 1188 2944 Ohr
1205 2889 1280 2943 fand.
1295 2919 1330 2929 —
1345 2904 1410 2943 eum

234 2981 282 3015 um
309 2979 340 3016 so
365 2963 633 3018 wohlwollenderen
658 2961 739 3017 Brief
760 2979 795 3016 zu
848 2962 937 3085 cellcul]
959 2962 1008 3015 Bei
1026 2977 1088 3015 cam
1102 2990 1137 3000 -
1154 2966 1212 3016 tam
1231 2960 1309 3014 steht
1327 2959 1409 3014 senet

235 3033 391 3088 schreiben.
848 3046 901 3086 nur
938 3050 993 3086 ann
1012 3033 1061 3086 das
1081 3033 1154 3086 erate
1169 3029 1252 3084 Glied
1269 3028 1324 3084 m'it
1343 3029 1411 3083 dem

848 3103 941 3173 Konj.,
955 3118 1035 3156 wenn
1048 3101 1094 3156 ein
1107 3101 1218 3156 innerer
1228 3100 1410 3155 Zusammen-

273 3179 298 3228 2.
335 3172 437 3228 Graios
458 3214 487 3228 ..
511 3174 576 3244 esse]
610 3174 667 3228 Der
685 3174 751 3228 Aac.
770 3191 794 3229 c.
848 3173 925 3241 hang
960 3171 1100 3229 zwischen
1135 3171 1238 3227 beiden
1274 3171 1412 3226 Gliedern

236 3242 288 3298 Inf.
315 3245 388 3298 nach
420 3259 476 3299 mem
503 3245 598 3300 dubito
630 3246 700 3299 stati
726 3245 796 3314 quim
849 3244 1007 3299 stattfindet
1032 3243 1210 3299 houzessiver
1238 3242 1306 3297 oder
1336 3241 1412 3296 kau-

237 3313 326 3368 findet
344 3314 404 3368 sich
422 3312 503 3370 nicht
520 3314 565 3369 bei
585 3314 695 3382 Cicero,
719 3315 797 3369 wohl
850 3316 923 3368 salar
950 3314 1014 3382 Art,
1042 3316 1099 3369 und
1126 3315 1176 3367 das
1202 3314 1299 3368 aweite
1325 3312 1413 3367 Glied

236 3385 304 3438 aber
327 3384 414 3439 diter-s
438 3386 484 3440 bei
503 3386 597 3454 Nepos
615 3387 672 3440 und
692 3384 795 3453 Livius¹
850 3386 910 3440 sein
934 3384 1046 3456 eigenea
1065 3384 1189 3440 Verbum
1210 3383 1270 3438 hat.
1289 3414 1323 3424 -
1347 3400 1412 3438 aaa·

237 3457 341 3510 ebenso
364 3457 440 3511 Fam.
464 3456 498 3512 X.
523 3463 565 3511 31.
590 3461 606 3510 ὅ
633 3455 723 3524 (Brief
746 3457 795 3511 des
849 3457 935 3528 cessa]
953 3456 1049 3526 passiv
1067 3457 1138 3511 statt
1155 3456 1319 3511 successisse.
1347 3453 1412 3511 Liv.

237 3526 350 3581 Asinius
358 3526 469 3596 Pollio),
483 3527 541 3582 XII.
552 3533 594 3585 16.
605 3528 685 3597 2(Br.
694 3528 794 3583 dTre-
849 3534 874 3582 2.
884 3532 956 3583 tob
971 3527 1096 3582 absolut:
1113 3529 1185 3582 molle
1195 3527 1300 3581 immites
1313 3527 1413 3592 hostes,

235 3597 542 3671 benicet—ramma]
558 3599 794 3654 Endeltlaihatte
848 3600 920 3653 molle
942 3614 1092 3654 successam
1116 3614 1173 3653 mom
1197 3599 1328 3667 patribus
1352 3613 1414 3652 mom

235 3687 262 3724 u.
283 3685 308 3723 a.
328 3670 377 3723 der
395 3669 551 3725 Prokonsul
569 3669 724 3724 Trebonius
746 3669 796 3724 aut
848 3670 1012 3726 camelitas.
1488 3722 1489 3741 ¹

236 3739 425 3796 seinerlteise
444 3743 517 3794 nach
530 3741 686 3796 Asienron
700 3738 795 3794 Athen
885 3748 910 3796 3.
942 3757 976 3795 ex
1008 3757 1049 3794 mc
1079 3739 1211 3811 doluisti]
1244 3737 1300 3792 Cic.
1329 3737 1413 3792 Brut
1488 3756 1489 3767 ¹

236 3827 287 3866 aas
312 3828 349 3865 an
377 3810 432 3866 den
455 3812 542 3866 Vater
567 3810 719 3880 Glinstiges
747 3811 795 3865 bc·
850 3817 968 3867 97.332=
983 3828 1017 3866 ea
1030 3811 1167 3879 tedaplea
1175 3810 1413 3877 mosaffieitsetti-

235 3882 341 3936 riehtet
366 3882 455 3952 (Fam.
474 3882 533 3939 XII.
555 3889 595 3936 16.
617 3887 641 3935 1.
660 3901 687 3938 u.
707 3886 742 3951 2),
767 3900 794 3936 u.
849 3884 952 3938 eitado.
979 3913 1012 3922 -
1037 3887 1116 3936 taam
1138 3897 1172 3935 mr
1194 3897 1236 3935 me
1259 3879 1411 3952 paediam]

235 3953 318 4007 Mitte
355 3952 422 4006 Juni
461 3953 585 4008 schreibt
622 3953 719 4008 Cicero
758 3969 796 4007 an
850 3954 876 4008 S.
896 3973 918 4009 a.
938 3953 972 4007 11.
992 3958 1034 4007 28.
1055 3958 1100 4007 13:
1127 3953 1190 4007 hom
1211 3969 1229 4006 a
1247 3957 1354 4006 amatu.
1375 3981 1413 3992 —

235 4024 348 4079 Atticus
367 4023 438 4094 (XV.
455 4026 532 4094 lta):
552 4026 633 4079 ceteri
646 4025 796 4093 praeclara
852 4023 997 4094 Oratippo]
1022 4021 1171 4094 Cratippus
1197 4039 1248 4076 aus
1271 4021 1415 4092 Mytilene

234 4096 410 4150 scribant—
425 4095 639 4166 dulcissimas]
655 4094 681 4150 S.
696 4113 719 4149 a.
733 4094 754 4150 Ι.
770 4099 794 4149 5.
851 4095 903 4149 auf
922 4095 1029 4149 Lesbos
1047 4110 1105 4148 war
1123 4090 1333 4162 Peripatetiker
1349 4093 1415 4147 und

237 4173 262 4218 1.
280 4196 313 4206 —
333 4166 531 4237 bucinatorem]
550 4166 583 4220 In
601 4166 727 4221 oratione
745 4182 796 4235 pre
850 4165 896 4219 die
919 4165 1019 4219 Zierde
1043 4165 1091 4220 des
1110 4163 1272 4232 damaligen
1290 4163 1415 4218 Athens.
1488 4230 1489 4235 ἵ

235 4235 342 4290 Archia
357 4236 594 4305 ‘praeconem'
610 4236 682 4291 dixit
699 4235 795 4291 Cicero
850 4236 902 4291 Off.
921 4235 967 4292 Ill.
986 4242 1012 4289 2.
1032 4240 1058 4289 5:
1080 4254 1098 4290 a
1117 4234 1264 4304 Cratippum
1281 4234 1418 4305 principe
1488 4238 1489 4269 ῑ

236 4307 331 4375 paterz
348 4307 537 4363 Oadulesceas
550 4309 599 4376 qui
613 4314 676 4362 tace
684 4309 796 4362 uirtutis
849 4309 932 4362 haias
954 4308 1099 4361 memoriae
1117 4307 1350 4375 philosophorum.
1377 4334 1416 4359 —.
1488 4368 1489 4379 χ

233 4393 396 4446 praeconem
415 4380 557 4433 inveneris.
596 4377 745 4432 Manutius.
760 4408 795 4418 —
849 4377 1020 4448 introducta]
1043 4376 1144 4431 Besser
1167 4378 1245 4431 steht
1261 4375 1293 4429 in
1316 4374 1417 4431 dieser

232 4448 412 4520 participem]
435 4448 486 4502 Als
505 4447 588 4503 Glied
611 4448 660 4502 der
677 4447 796 4503 Familia
849 4449 1016 4518 Bedeutung
1033 4449 1183 4504 instituere.
