2998 4956
226 281 271 346 26
643 282 710 337 LIB.
729 282 750 335 Ι.
786 282 898 338 EPIST.
918 290 942 338 3.
961 288 987 338 4.

228 445 282 508 sed
305 447 430 528 tamen,
459 445 487 508 si
511 467 622 509 omnes
644 446 793 512 tribunos
816 446 860 529 pl.
882 446 1055 527 habemus,
1081 446 1109 509 si
1131 444 1307 510 Lentulum
1328 448 1403 510 tam

228 533 420 617 studiosum,
450 556 545 617 quam
574 534 712 618 videtur,
741 535 769 599 si
792 556 868 599 vero
892 536 989 599 etiam
1012 533 1203 618 Pompeium
1227 538 1261 599 et
1283 532 1403 600 Gaesa-

226 644 309 706 rem,
331 643 398 687 non
422 626 471 686 est
493 623 737 706 desperandum.

189 710 213 774 3
316 709 365 775 De
391 710 529 795 familia,
559 712 718 796 quomodo
746 711 905 795 placuisse
934 712 1048 775 scribis
1077 711 1202 794 amicis,
1228 711 1401 776 faciemus.

228 798 276 864 De
299 799 380 879 loco,
403 821 488 864 nunc
511 800 638 884 quidem
661 801 727 866 iam
749 801 831 865 abiit
849 800 1043 884 pestilentia,
1066 800 1131 884 sed,
1154 800 1308 884 quamdiu
1325 800 1401 880 fuit,

227 909 279 952 me
301 910 368 953 non
391 889 510 971 attigit,
547 888 708 973 Plancius,
731 889 829 954 homo
845 889 1120 973 officiosissimus,
1145 911 1196 953 me
1219 889 1308 973 cupit
1326 910 1401 954 esse

228 998 336 1042 secum
361 980 393 1042 et
415 977 520 1042 adhuc
543 978 670 1042 retinet.
706 978 778 1062 Ego
798 978 947 1043 volebam
965 978 1036 1043 loco
1055 977 1161 1062 magis
1180 977 1306 1044 deserto
1326 999 1400 1042 esse

226 1065 260 1129 in
278 1064 391 1151 Epim,
414 1088 477 1150 quo
501 1088 603 1150 neque
621 1065 696 1131 Piso
720 1066 845 1132 veniret
866 1088 926 1131 nec
948 1067 1082 1149 milites3
1106 1066 1162 1130 sed
1181 1066 1285 1131 adhuc
1303 1065 1402 1131 Plan-

227 1155 296 1218 cius
325 1176 375 1219 me
402 1155 535 1219 retinet:
562 1160 672 1238 sperat
699 1178 795 1239 posse
820 1156 903 1233 fieri,
929 1160 966 1220 ut
988 1177 1114 1219 mecum
1136 1155 1172 1219 in
1193 1153 1323 1219 Italiam
1346 1156 1401 1220 de-

227 1243 335 1326 cedat3
363 1265 458 1327 quem
488 1265 548 1329 ego
573 1244 657 1308 diem
681 1246 710 1309 si
732 1245 841 1309 videro
866 1248 899 1308 et
921 1244 949 1308 si
971 1245 1006 1308 in
1029 1249 1172 1308 vestrum
1195 1245 1400 1328 complexum

226 1353 346 1398 venero
375 1354 413 1397 ae
440 1333 469 1397 si
497 1338 529 1397 et
556 1356 614 1398 vos
644 1337 677 1398 et
703 1355 754 1398 me
782 1335 891 1417 ipsum
913 1333 1108 1417 reciperero,
1141 1333 1219 1396 satis
1243 1354 1400 1418 magnum

228 1421 309 1484 mihi
337 1421 478 1485 fructum
505 1422 639 1486 videbor
665 1423 847 1507 percepisse
875 1425 908 1486 et
934 1427 1060 1487 vestrae
1087 1421 1219 1505 pietatis
1243 1426 1276 1486 et
1298 1444 1397 1487 meae.
1489 1476 1490 1485 ,

191 1508 357 1574 4Pis0nis
380 1509 577 1588 humanitas,
604 1511 720 1595 virtus,
749 1533 840 1575 amor
862 1511 897 1577 in
921 1532 1033 1576 omnes
1057 1532 1116 1575 nos
1139 1515 1251 1575 tantus
1274 1514 1337 1593 est,
1361 1514 1398 1575 ut
1489 1554 1490 1565 ι

229 1597 313 1662 nihil
347 1620 446 1683 supra
477 1601 594 1683 possit:
631 1601 757 1664 utinam
789 1622 828 1664 ea
854 1622 907 1664 res
935 1600 965 1664 ei
991 1600 1151 1685 voluptati
1179 1599 1235 1663 sit!
1272 1599 1397 1682 gloriae

230 1686 359 1771 quidem
385 1687 479 1752 video
506 1688 584 1752 fore.
629 1688 679 1753 Dc
703 1687 739 1763 Q.
766 1688 867 1753 fratre
893 1688 977 1753 nihil
1005 1709 1065 1772 ego
1092 1693 1125 1753 te
1153 1688 1314 1770 accusavi,
1342 1689 1396 1752 sed

229 1797 302 1857 vos,
329 1798 402 1840 cum
429 1778 621 1861 praesertim
648 1782 716 1842 tam
743 1778 839 1860 pauci
867 1778 952 1860 sitis,
981 1777 1071 1840 volui
1099 1798 1169 1841 esse
1197 1799 1295 1861 quam
1323 1799 1396 1842 con-

190 1863 458 1930 5iunetissimos.
504 1865 627 1942 Quibus
655 1889 706 1931 me
733 1866 865 1931 voluisti
893 1887 987 1951 agere
1011 1866 1146 1950 gretiam
1173 1866 1225 1949 egi
1248 1870 1281 1929 et
1302 1887 1354 1929 me
1377 1889 1404 1937 a

227 1956 260 2017 te
283 1955 453 2018 certiorem
475 1955 597 2019 factum
621 1976 691 2020 esse
714 1956 837 2038 scripsi.

316 2042 408 2118 Quod
432 2043 563 2127 adme,
586 2065 658 2108 mea
680 2043 839 2128 Terentia,
863 2043 978 2108 scribis
1001 2045 1033 2106 te
1056 2043 1162 2107 vicum
1185 2042 1396 2128 vendituram,

226 2131 318 2215 quid,
345 2132 479 2196 obsecro
507 2136 554 2217 te,
576 2169 621 2179 —
642 2133 694 2196 me
722 2133 887 2197 miserum!
914 2168 951 2179 —
978 2132 1054 2214 quid
1082 2132 1226 2196 futurum
1254 2132 1325 2196 est?
1355 2137 1396 2216 et,

226 2221 255 2283 si
281 2242 342 2284 nos
370 2224 496 2303 premet
524 2221 635 2285 eadem
661 2221 808 2304 fortuna,
835 2221 911 2305 quid
934 2241 1033 2303 puero
1057 2221 1174 2285 misero
1197 2219 1275 2284 fiet?
1319 2221 1396 2286 Non
1489 2244 1490 2289 ι

227 2329 309 2391 queo
337 2309 461 2393 reliqua
488 2310 627 2374 scribere
654 2344 691 2355 —
717 2313 809 2373 tanta
831 2310 880 2374 vis
905 2308 1112 2373 lacrimarum
1136 2313 1186 2374 est
1208 2345 1265 2393 —,
1290 2331 1395 2394 neque

226 2404 260 2460 te
292 2397 325 2459 in
359 2397 495 2461 eundem
526 2398 636 2462 fletum
669 2397 837 2481 adducam3
868 2401 995 2462 tantum
1028 2398 1148 2462 scribo:
1180 2397 1208 2462 si
1237 2402 1331 2462 erunt
1360 2400 1395 2462 in

227 2483 333 2549 officio
357 2485 461 2569 amici,
482 2487 619 2569 pecunia
641 2508 707 2550 non
730 2487 845 2571 deerit3
869 2488 897 2551 si
918 2508 985 2551 non
1008 2490 1110 2565 erunt,
1131 2490 1169 2549 tu
1192 2486 1317 2551 efficere
1338 2490 1396 2551 tua

225 2573 363 2656 pecunia
389 2594 455 2638 non
482 2576 612 2659 poteris.
657 2574 719 2639 Per
740 2575 886 2640 fortunas
910 2576 1043 2639 miseras
1066 2576 1210 2640 nostres!
1241 2576 1326 2658 vide,
1352 2596 1395 2640 ne

224 2682 359 2744 puerum
381 2662 543 2745 perditum
565 2664 751 2749 perdamus,
775 2665 826 2729 eui
850 2665 878 2729 si
901 2664 1023 2748 aliquid
1046 2665 1117 2748 erit,
1139 2686 1180 2727 ne
1204 2668 1307 2749 egeat,
1329 2686 1396 2729 me-

225 2921 259 2929 —
275 2890 418 2962 babemus]
435 2889 461 2944 d.
473 2889 492 2945 i.
512 2889 563 2944 auf
578 2908 692 2947 unserer
707 2891 782 2947 Seite
835 2891 950 2961 pmnius
968 2891 1033 2946 Piso
1049 2893 1086 3016 gs.
1106 2909 1128 2945 z.
1148 2889 1169 2944 I.
1189 2897 1213 2944 2.
1233 2892 1275 2960 2),
1297 2891 1395 2947 erteilt

222 2960 324 3018 haben.
354 2993 387 3002 —
416 2962 579 3034 studiosum]
621 2979 657 3017 sc.
693 2964 784 3018 uestri
836 2962 957 3031 worden,
975 2962 1034 3016 und
1071 2962 1144 3016 icero
1163 2961 1311 3030 fdrohtete,
1331 2963 1393 3018 dale

222 3032 359 3087 babemus.
405 3031 699 3088 Prtdikatsaccusativ
729 3032 782 3088 wie
836 3034 882 3088 die
906 3034 1041 3088 Soldaten
1068 3032 1216 3086 desselben
1241 3033 1394 3088 einrflcken

222 3102 301 3156 Fam.
311 3103 358 3156 XI.
368 3103 555 3158 24.2:Habea
565 3106 782 3160 amantissimum
835 3104 957 3158 wiirden.
977 3109 1055 3158 —et
1081 3103 1165 3174 meae]
1198 3104 1305 3158 erlltrt
1332 3106 1395 3160 sich
1489 3154 1490 3157 ,

223 3173 288 3242 (tui)
302 3172 585 3229 Seruium.ib.1.4.1:
600 3175 781 3230 Eode’eacer-
836 3193 886 3230 aas
905 3192 946 3243 ep.
965 3180 989 3229 1.
1005 3179 1033 3229 5:
1052 3176 1098 3230 ced
1115 3175 1142 3228 si
1158 3175 1208 3231 boe
1224 3177 1282 3242 fuit
1299 3176 1394 3232 liberis

223 3244 287 3298 bum
304 3244 452 3299 babuimus
471 3244 627 3312 (lurionem,
647 3245 782 3301 Bibulum
834 3248 936 3301 uostris
953 3248 1081 3314 pretias.
1398 3286 1401 3293 -

223 3316 307 3369 multo
352 3316 498 3370 iustiorem.
539 3346 573 3356 -
614 3317 779 3388 Lentulum]
870 3324 895 3371 4.
923 3317 1035 3372 Pisonis
1080 3317 1190 3373 Ciceros
1218 3317 1392 3387 Schwieger-

222 3383 254 3439 P.
284 3384 428 3441 Cornelius
465 3386 601 3441 Lentulus
639 3387 780 3457 Spinther,
835 3388 1012 3441 schn-De
1046 3389 1166 3461 fratre]
1182 3388 1278 3443 Cicero
1293 3389 1391 3458 denkt,

223 3454 288 3511 Kos.
313 3457 339 3511 d.
363 3457 389 3513 J.
409 3462 451 3512 57.
488 3458 552 3526 Vgl.
575 3477 597 3513 a.
616 3458 650 3514 II.
670 3466 694 3515 9.
714 3465 730 3513 2
752 3477 778 3514 u.
834 3459 887 3513 wie
916 3458 960 3513 die
986 3458 1138 3528 folgenden
1164 3459 1259 3514 Worte
1282 3461 1392 3530 zeigen,

222 3526 297 3582 Einl.
314 3546 337 3583 z.
354 3528 380 3583 J.
395 3533 438 3583 ot.
835 3547 870 3584 an
889 3528 935 3583 die
955 3529 1166 3600 Zwistigkeiten
1185 3531 1325 3586 awisehen
1338 3530 1391 3584 Te-

259 3604 283 3652 3.
307 3599 353 3654 De
377 3601 446 3669 laea]
466 3601 505 3654 Ζιι
524 3602 556 3655 cle
575 3617 597 3656 s.
615 3601 637 3656 Ι.
657 3607 682 3655 1.
701 3608 726 3656 4.
746 3632 779 3642 -
833 3601 925 3655 nentia
951 3600 1010 3655 und
1031 3601 1194 3671 Pomponia.
1215 3633 1249 3642 -
1267 3602 1339 3656 mibel
1367 3607 1394 3657 te

224 3668 372 3742 Plancius]
392 3669 440 3726 Cn.
454 3670 585 3726 Plancius
604 3688 662 3726 war
676 3673 694 3727 i.
709 3674 779 3728 J.58
834 3672 972 3745 accusavi]
992 3674 1064 3728 habe
1083 3673 1129 3728 ich
1148 3674 1193 3727 dir
1211 3671 1251 3743 (in
1269 3671 1393 3727 meinem

222 3740 343 3807 auteur
370 3742 420 3797 des
443 3743 610 3812 Proprttcrs
634 3744 665 3798 L.
685 3744 779 3813 Appu·
833 3742 1078 3815 friiherenBriefe)
1092 3742 1391 3814 garkeineVorwdrfe

223 3812 295 3881 lejus
309 3811 339 3865 in
353 3812 544 3869 Macedonien.
562 3812 622 3867 Auf
633 3813 779 3869 dieNach-
833 3814 974 3884 gemacht.
1011 3815 1142 3869 Terentia
1164 3816 1245 3869 hatte
1265 3814 1392 3869 offenbar

221 3881 297 3938 rioht
328 3900 384 3938 von
412 3882 468 3940 Cic.
497 3884 626 3938 Aukunit
652 3884 682 3938 in
709 3884 779 3955 Dyr·
832 3886 933 3954 irgend
951 3885 1014 3939 cine
1033 3884 1120 3940 Stelle
1139 3888 1169 3940 in
1187 3885 1278 3941 einem
1298 3884 1391 3940 Briefe

222 3952 370 4009 rhachium
389 3954 457 4010 eilte
476 3971 506 4009 er
520 3956 625 4011 diesem
640 3959 780 4026 entgegen
833 3955 943 4011 Ciceros
961 3956 1202 4012 missverstanden.

222 4026 279 4079 und
297 4024 390 4081 ffihrte
408 4025 459 4080 ihn
477 4027 550 4081 nach
568 4027 778 4096 Thessalonich,
869 4033 894 4082 ὅ.
922 4044 1000 4099 apere
1025 4028 1145 4099 pretias]
1177 4028 1223 4082 fiir
1249 4026 1311 4081 ihre
1338 4026 1392 4082 Be·

221 4112 270 4149 um
292 4095 343 4150 ihn
364 4097 403 4151 im
428 4096 547 4166 eigenen
563 4097 658 4153 Hause
680 4117 713 4153 zu
730 4097 779 4152 be·
833 4098 995 4168 miihungen
1020 4115 1055 4153 zu
1078 4098 1173 4154 seinen
1197 4096 1331 4153 Gunsten.
1356 4128 1389 4138 -

221 4166 385 4236 herbergen.
403 4167 436 4223 In
450 4171 499 4223 der
512 4167 589 4224 Rode
603 4186 653 4238 pro
663 4169 778 4224 Plancio
832 4174 858 4224 te
870 4171 960 4225 eleum
972 4170 1063 4241 caud]
1077 4189 1111 4224 zu
1119 4169 1252 4226 welchem
1264 4168 1390 4237 Zweoke,

221 4236 372 4292 unterltlst
386 4235 442 4293 (lio.
460 4255 489 4294 es
503 4237 592 4309 nicht,
612 4240 701 4294 dieses
716 4241 778 4295 her·
833 4241 942 4309 ergiebt
973 4239 1033 4296 sich
1060 4258 1111 4296 aas
1136 4241 1158 4295 Ι.
1178 4248 1202 4295 2.
1222 4245 1249 4296 3.
1273 4271 1305 4280 —
1325 4257 1390 4310 per·
1489 4248 1490 4255 ’

221 4309 408 4364 vorzuheben.
437 4309 501 4378 Vgl.
519 4309 683 4366 11.c.1.-
696 4312 775 4383 Piso]
831 4313 920 4366 clitum
949 4312 1110 4383 perdamus]
1143 4311 1207 4367 di.
1238 4311 1307 4379 den,
1340 4312 1390 4365 der

224 4377 274 4433 Die
298 4379 416 4434 Provinz
439 4379 624 4435 Macedonian
651 4399 709 4437 war
732 4383 778 4436 fur
832 4382 918 4437 echon
942 4399 972 4437 so
996 4385 1048 4452 gut
1065 4385 1118 4439 wie
1136 4383 1264 4438 vorlaren
1282 4381 1321 4437 ist
1341 4386 1390 4451 (sc.

221 4449 272 4504 dus
286 4447 419 4519 folgendc
433 4450 502 4506 Jahr
515 4452 579 4506 dem
593 4452 659 4508 Kos.
673 4453 704 4509 L.
715 4452 777 4508 Cal·
792 4500 804 4524 ,
831 4454 986 4510 calamitate
1004 4456 1118 4525 msera),
1137 4471 1208 4523 ganz
1227 4473 1261 4508 zu
1275 4455 1390 4510 Grande
1489 4456 1490 4471 .
