<?xml version="1.0" encoding="UTF-8"?>
<!DOCTYPE html PUBLIC "-//W3C//DTD XHTML 1.0 Transitional//EN"
    "http://www.w3.org/TR/xhtml1/DTD/xhtml1-transitional.dtd">
<html xmlns="http://www.w3.org/1999/xhtml" xml:lang="en" lang="en">
 <head>
  <title>
</title>
<meta http-equiv="Content-Type" content="text/html;charset=utf-8" />
  <meta name='ocr-system' content='tesseract 3.04.00' />
  <meta name='ocr-capabilities' content='ocr_page ocr_carea ocr_par ocr_line ocrx_word'/>
</head>
<body>
  <div class='ocr_page' id='page_1' title='image "ausgewahltebrie00cicegoog_0041.png"; bbox 0 0 2998 4956; ppageno 0'>
   <div class='ocr_carea' id='block_1_1' title="bbox 136 275 988 343">
    <p class='ocr_par' dir='ltr' id='par_1_1' title="bbox 136 275 988 343">
     <span class='ocr_line' id='line_1_1' title="bbox 136 275 988 343; baseline -0.015 -2"><span class='ocrx_word' id='word_1_1' title='bbox 136 319 144 341; x_wconf 79' lang='lat'>.</span> <span class='ocrx_word' id='word_1_2' title='bbox 227 279 270 343; x_wconf 79' lang='grc'><strong>28</strong></span> <span class='ocrx_word' id='word_1_3' title='bbox 644 277 712 331; x_wconf 81' lang='lat' dir='ltr'><strong>LIB.</strong></span> <span class='ocrx_word' id='word_1_4' title='bbox 730 276 752 332; x_wconf 87' lang='grc' dir='ltr'><strong>Ι.</strong></span> <span class='ocrx_word' id='word_1_5' title='bbox 788 275 900 330; x_wconf 67' lang='lat' dir='ltr'><strong>Error.</strong></span> <span class='ocrx_word' id='word_1_6' title='bbox 920 281 945 329; x_wconf 86' lang='lat'><strong>4.</strong></span> <span class='ocrx_word' id='word_1_7' title='bbox 965 280 988 330; x_wconf 86' lang='lat'><strong>5.</strong></span> 
     </span>
    </p>
   </div>
   <div class='ocr_carea' id='block_1_2' title="bbox 227 435 1404 614">
    <p class='ocr_par' dir='ltr' id='par_1_2' title="bbox 227 435 1404 614">
     <span class='ocr_line' id='line_1_2' title="bbox 228 435 1404 525; baseline -0.003 -20"><span class='ocrx_word' id='word_1_8' title='bbox 228 463 313 506; x_wconf 91' lang='lat' dir='ltr'><strong>nunc</strong></span> <span class='ocrx_word' id='word_1_9' title='bbox 335 440 526 505; x_wconf 88' lang='lat' dir='ltr'><strong>facillimum</strong></span> <span class='ocrx_word' id='word_1_10' title='bbox 549 444 612 525; x_wconf 85' lang='lat' dir='ltr'><strong>est,</strong></span> <span class='ocrx_word' id='word_1_11' title='bbox 636 461 731 523; x_wconf 89' lang='lat' dir='ltr'><strong>quem</strong></span> <span class='ocrx_word' id='word_1_12' title='bbox 755 440 854 505; x_wconf 90' lang='lat' dir='ltr'><strong>etiam</strong></span> <span class='ocrx_word' id='word_1_13' title='bbox 876 437 1000 502; x_wconf 91' lang='lat' dir='ltr'><strong>inimici</strong></span> <span class='ocrx_word' id='word_1_14' title='bbox 1023 435 1138 500; x_wconf 84' lang='lat' dir='ltr'><strong>volunt</strong></span> <span class='ocrx_word' id='word_1_15' title='bbox 1160 435 1268 500; x_wconf 86' lang='lat' dir='ltr'><strong>vivere</strong></span> <span class='ocrx_word' id='word_1_16' title='bbox 1291 435 1325 500; x_wconf 91' lang='lat' dir='ltr'><strong>in</strong></span> <span class='ocrx_word' id='word_1_17' title='bbox 1348 435 1404 501; x_wconf 85' lang='lat' dir='ltr'><strong>his</strong></span> 
     </span>
     <span class='ocr_line' id='line_1_3' title="bbox 227 524 1176 614; baseline -0.008 -19"><span class='ocrx_word' id='word_1_18' title='bbox 227 531 330 595; x_wconf 84' lang='lat' dir='ltr'><strong>tantis</strong></span> <span class='ocrx_word' id='word_1_19' title='bbox 354 528 506 614; x_wconf 81' lang='lat' dir='ltr'><strong>miseriis3</strong></span> <span class='ocrx_word' id='word_1_20' title='bbox 530 551 590 614; x_wconf 85' lang='lat' dir='ltr'><strong>ego</strong></span> <span class='ocrx_word' id='word_1_21' title='bbox 614 533 725 593; x_wconf 88' lang='lat' dir='ltr'><strong>tamen</strong></span> <span class='ocrx_word' id='word_1_22' title='bbox 747 528 879 606; x_wconf 89' lang='lat' dir='ltr'><strong>faciam,</strong></span> <span class='ocrx_word' id='word_1_23' title='bbox 903 548 985 611; x_wconf 90' lang='lat' dir='ltr'><strong>quae</strong></span> <span class='ocrx_word' id='word_1_24' title='bbox 1008 524 1176 608; x_wconf 82' lang='lat' dir='ltr'><strong>praecipis.</strong></span> 
     </span>
    </p>
   </div>
   <div class='ocr_carea' id='block_1_3' title="bbox 192 611 1486 2741">
    <p class='ocr_par' dir='ltr' id='par_1_3' title="bbox 229 611 1486 1146">
     <span class='ocr_line' id='line_1_4' title="bbox 318 611 1486 702; baseline -0.004 -20"><span class='ocrx_word' id='word_1_25' title='bbox 318 617 449 699; x_wconf 84' lang='lat' dir='ltr'><strong>Amicis,</strong></span> <span class='ocrx_word' id='word_1_26' title='bbox 469 618 586 701; x_wconf 89' lang='lat' dir='ltr'><strong>quibus</strong></span> <span class='ocrx_word' id='word_1_27' title='bbox 604 617 746 701; x_wconf 85' lang='lat' dir='ltr'><strong>voluisti,</strong></span> <span class='ocrx_word' id='word_1_28' title='bbox 764 618 817 701; x_wconf 83' lang='lat' dir='ltr'><strong>egi</strong></span> <span class='ocrx_word' id='word_1_29' title='bbox 835 619 959 702; x_wconf 77' lang='lat' dir='ltr'><strong>gratias</strong></span> <span class='ocrx_word' id='word_1_30' title='bbox 979 618 1012 679; x_wconf 88' lang='lat' dir='ltr'><strong>et</strong></span> <span class='ocrx_word' id='word_1_31' title='bbox 1030 636 1084 678; x_wconf 88' lang='lat' dir='ltr'><strong>eas</strong></span> <span class='ocrx_word' id='word_1_32' title='bbox 1103 614 1231 677; x_wconf 76' lang='lat' dir='ltr'><strong>litteras</strong></span> <span class='ocrx_word' id='word_1_33' title='bbox 1250 611 1404 698; x_wconf 83' lang='lat' dir='ltr'><strong>Dexippo</strong></span> <span class='ocrx_word' id='word_1_34' title='bbox 1485 632 1486 639; x_wconf 53' lang='lat'>¹</span> 
     </span>
     <span class='ocr_line' id='line_1_5' title="bbox 230 702 1403 792; baseline -0.003 -21"><span class='ocrx_word' id='word_1_35' title='bbox 230 706 304 771; x_wconf 90' lang='lat' dir='ltr'><strong>dedi</strong></span> <span class='ocrx_word' id='word_1_36' title='bbox 322 729 437 792; x_wconf 88' lang='lat' dir='ltr'><strong>meque</strong></span> <span class='ocrx_word' id='word_1_37' title='bbox 457 707 495 770; x_wconf 93' lang='lat' dir='ltr'><strong>de</strong></span> <span class='ocrx_word' id='word_1_38' title='bbox 515 728 625 772; x_wconf 86' lang='lat' dir='ltr'><strong>eorum</strong></span> <span class='ocrx_word' id='word_1_39' title='bbox 645 705 752 773; x_wconf 86' lang='lat' dir='ltr'><strong>officio</strong></span> <span class='ocrx_word' id='word_1_40' title='bbox 771 705 887 789; x_wconf 89' lang='lat' dir='ltr'><strong>scripsi</strong></span> <span class='ocrx_word' id='word_1_41' title='bbox 906 727 925 769; x_wconf 92' lang='lat' dir='ltr'><strong>a</strong></span> <span class='ocrx_word' id='word_1_42' title='bbox 943 707 976 768; x_wconf 89' lang='lat' dir='ltr'><strong>te</strong></span> <span class='ocrx_word' id='word_1_43' title='bbox 995 703 1165 767; x_wconf 81' lang='lat' dir='ltr'><strong>certiorem</strong></span> <span class='ocrx_word' id='word_1_44' title='bbox 1183 723 1253 766; x_wconf 88' lang='lat' dir='ltr'><strong>esse</strong></span> <span class='ocrx_word' id='word_1_45' title='bbox 1266 702 1403 767; x_wconf 88' lang='lat' dir='ltr'><strong>factum.</strong></span> 
     </span>
     <span class='ocr_line' id='line_1_6' title="bbox 230 791 1403 876; baseline -0.003 -16"><span class='ocrx_word' id='word_1_46' title='bbox 230 795 383 861; x_wconf 87' lang='lat' dir='ltr'><strong>Pisonem</strong></span> <span class='ocrx_word' id='word_1_47' title='bbox 405 799 552 861; x_wconf 85' lang='lat' dir='ltr'><strong>nostrum</strong></span> <span class='ocrx_word' id='word_1_48' title='bbox 575 796 711 860; x_wconf 87' lang='lat' dir='ltr'><strong>mirifico</strong></span> <span class='ocrx_word' id='word_1_49' title='bbox 736 817 806 859; x_wconf 90' lang='lat' dir='ltr'><strong>esse</strong></span> <span class='ocrx_word' id='word_1_50' title='bbox 829 794 935 858; x_wconf 88' lang='lat' dir='ltr'><strong>studio</strong></span> <span class='ocrx_word' id='word_1_51' title='bbox 958 794 993 856; x_wconf 89' lang='lat' dir='ltr'><strong>in</strong></span> <span class='ocrx_word' id='word_1_52' title='bbox 1015 813 1074 856; x_wconf 92' lang='lat' dir='ltr'><strong>nos</strong></span> <span class='ocrx_word' id='word_1_53' title='bbox 1098 794 1131 854; x_wconf 86' lang='lat' dir='ltr'><strong>et</strong></span> <span class='ocrx_word' id='word_1_54' title='bbox 1153 791 1261 856; x_wconf 81' lang='lat' dir='ltr'><strong>officio</strong></span> <span class='ocrx_word' id='word_1_55' title='bbox 1285 795 1317 856; x_wconf 92' lang='lat' dir='ltr'><strong>et</strong></span> <span class='ocrx_word' id='word_1_56' title='bbox 1339 812 1403 876; x_wconf 82' lang='lat' dir='ltr'><strong>ego</strong></span> 
     </span>
     <span class='ocr_line' id='line_1_7' title="bbox 229 879 1403 969; baseline -0.003 -21"><span class='ocrx_word' id='word_1_57' title='bbox 229 885 390 969; x_wconf 85' lang='lat' dir='ltr'><strong>perspicio</strong></span> <span class='ocrx_word' id='word_1_58' title='bbox 414 890 447 949; x_wconf 91' lang='lat' dir='ltr'><strong>et</strong></span> <span class='ocrx_word' id='word_1_59' title='bbox 469 906 581 949; x_wconf 88' lang='lat' dir='ltr'><strong>omnes</strong></span> <span class='ocrx_word' id='word_1_60' title='bbox 604 884 801 968; x_wconf 81' lang='lat' dir='ltr'><strong>praedicant.</strong></span> <span class='ocrx_word' id='word_1_61' title='bbox 835 882 880 947; x_wconf 91' lang='lat' dir='ltr'><strong>Di</strong></span> <span class='ocrx_word' id='word_1_62' title='bbox 902 881 1017 963; x_wconf 79' lang='lat' dir='ltr'><strong>faxint,</strong></span> <span class='ocrx_word' id='word_1_63' title='bbox 1039 886 1077 945; x_wconf 92' lang='lat' dir='ltr'><strong>ut</strong></span> <span class='ocrx_word' id='word_1_64' title='bbox 1098 879 1157 943; x_wconf 84' lang='lat' dir='ltr'><strong>tali</strong></span> <span class='ocrx_word' id='word_1_65' title='bbox 1181 901 1299 964; x_wconf 82' lang='lat' dir='ltr'><strong>genero</strong></span> <span class='ocrx_word' id='word_1_66' title='bbox 1320 880 1403 944; x_wconf 90' lang='lat' dir='ltr'><strong>mihi</strong></span> 
     </span>
     <span class='ocr_line' id='line_1_8' title="bbox 229 967 1403 1057; baseline -0.004 -20"><span class='ocrx_word' id='word_1_67' title='bbox 229 974 394 1057; x_wconf 87' lang='lat' dir='ltr'><strong>praesenti</strong></span> <span class='ocrx_word' id='word_1_68' title='bbox 416 977 522 1038; x_wconf 90' lang='lat' dir='ltr'><strong>tecum</strong></span> <span class='ocrx_word' id='word_1_69' title='bbox 546 973 642 1038; x_wconf 85' lang='lat' dir='ltr'><strong>simul</strong></span> <span class='ocrx_word' id='word_1_70' title='bbox 666 977 698 1037; x_wconf 91' lang='lat' dir='ltr'><strong>et</strong></span> <span class='ocrx_word' id='word_1_71' title='bbox 717 994 790 1037; x_wconf 90' lang='lat' dir='ltr'><strong>cum</strong></span> <span class='ocrx_word' id='word_1_72' title='bbox 807 971 919 1036; x_wconf 86' lang='lat' dir='ltr'><strong>liberis</strong></span> <span class='ocrx_word' id='word_1_73' title='bbox 937 971 1059 1035; x_wconf 89' lang='lat' dir='ltr'><strong>nostris</strong></span> <span class='ocrx_word' id='word_1_74' title='bbox 1077 968 1142 1033; x_wconf 83' lang='lat' dir='ltr'><strong>frui</strong></span> <span class='ocrx_word' id='word_1_75' title='bbox 1160 968 1268 1033; x_wconf 84' lang='lat' dir='ltr'><strong>liceat!</strong></span> <span class='ocrx_word' id='word_1_76' title='bbox 1305 967 1403 1033; x_wconf 91' lang='lat' dir='ltr'><strong>Nunc</strong></span> 
     </span>
     <span class='ocr_line' id='line_1_9' title="bbox 230 1056 1403 1146; baseline -0.003 -20"><span class='ocrx_word' id='word_1_77' title='bbox 230 1084 305 1145; x_wconf 87' lang='lat' dir='ltr'><strong>spes</strong></span> <span class='ocrx_word' id='word_1_78' title='bbox 337 1062 461 1146; x_wconf 88' lang='lat' dir='ltr'><strong>reliqua</strong></span> <span class='ocrx_word' id='word_1_79' title='bbox 494 1065 544 1126; x_wconf 84' lang='lat' dir='ltr'><strong>est</strong></span> <span class='ocrx_word' id='word_1_80' title='bbox 574 1061 609 1126; x_wconf 91' lang='lat' dir='ltr'><strong>in</strong></span> <span class='ocrx_word' id='word_1_81' title='bbox 640 1062 733 1127; x_wconf 86' lang='lat' dir='ltr'><strong>novis</strong></span> <span class='ocrx_word' id='word_1_82' title='bbox 765 1060 904 1125; x_wconf 89' lang='lat' dir='ltr'><strong>tribunis</strong></span> <span class='ocrx_word' id='word_1_83' title='bbox 936 1060 979 1143; x_wconf 88' lang='lat' dir='ltr'><strong>pl.</strong></span> <span class='ocrx_word' id='word_1_84' title='bbox 1009 1062 1041 1123; x_wconf 90' lang='lat' dir='ltr'><strong>et</strong></span> <span class='ocrx_word' id='word_1_85' title='bbox 1067 1059 1102 1122; x_wconf 91' lang='lat' dir='ltr'><strong>in</strong></span> <span class='ocrx_word' id='word_1_86' title='bbox 1129 1057 1243 1142; x_wconf 90' lang='lat' dir='ltr'><strong>primis</strong></span> <span class='ocrx_word' id='word_1_87' title='bbox 1271 1056 1403 1143; x_wconf 89' lang='lat' dir='ltr'><strong>quidem</strong></span> 
     </span>
    </p>

    <p class='ocr_par' dir='ltr' id='par_1_4' title="bbox 192 1146 1404 1857">
     <span class='ocr_line' id='line_1_10' title="bbox 192 1146 1404 1233; baseline -0.005 -18"><span class='ocrx_word' id='word_1_88' title='bbox 192 1150 358 1233; x_wconf 82' lang='lat' dir='ltr'><strong>4diebus3</strong></span> <span class='ocrx_word' id='word_1_89' title='bbox 389 1172 465 1215; x_wconf 89' lang='lat' dir='ltr'><strong>nam</strong></span> <span class='ocrx_word' id='word_1_90' title='bbox 494 1151 521 1215; x_wconf 86' lang='lat' dir='ltr'><strong>si</strong></span> <span class='ocrx_word' id='word_1_91' title='bbox 548 1150 748 1230; x_wconf 84' lang='lat' dir='ltr'><strong>inveterarit,</strong></span> <span class='ocrx_word' id='word_1_92' title='bbox 781 1153 890 1214; x_wconf 88' lang='lat' dir='ltr'><strong>actum</strong></span> <span class='ocrx_word' id='word_1_93' title='bbox 918 1151 976 1212; x_wconf 90' lang='lat' dir='ltr'><strong>est.</strong></span> <span class='ocrx_word' id='word_1_94' title='bbox 1021 1146 1072 1212; x_wconf 82' lang='lat' dir='ltr'><strong>Ea</strong></span> <span class='ocrx_word' id='word_1_95' title='bbox 1098 1167 1133 1210; x_wconf 88' lang='lat' dir='ltr'><strong>re</strong></span> <span class='ocrx_word' id='word_1_96' title='bbox 1161 1147 1202 1211; x_wconf 89' lang='lat' dir='ltr'><strong>ad</strong></span> <span class='ocrx_word' id='word_1_97' title='bbox 1228 1149 1262 1210; x_wconf 86' lang='lat' dir='ltr'><strong>te</strong></span> <span class='ocrx_word' id='word_1_98' title='bbox 1290 1148 1404 1211; x_wconf 85' lang='lat' dir='ltr'><strong>statim</strong></span> 
     </span>
     <span class='ocr_line' id='line_1_11' title="bbox 230 1235 1403 1323; baseline -0.003 -20"><span class='ocrx_word' id='word_1_99' title='bbox 230 1238 461 1304; x_wconf 85' lang='lat' dir='ltr'><strong>Aristocritum</strong></span> <span class='ocrx_word' id='word_1_100' title='bbox 485 1240 568 1323; x_wconf 91' lang='lat' dir='ltr'><strong>misi,</strong></span> <span class='ocrx_word' id='word_1_101' title='bbox 591 1244 628 1303; x_wconf 93' lang='lat' dir='ltr'><strong>ut</strong></span> <span class='ocrx_word' id='word_1_102' title='bbox 646 1240 687 1304; x_wconf 91' lang='lat' dir='ltr'><strong>ad</strong></span> <span class='ocrx_word' id='word_1_103' title='bbox 706 1260 757 1303; x_wconf 91' lang='lat' dir='ltr'><strong>me</strong></span> <span class='ocrx_word' id='word_1_104' title='bbox 776 1238 930 1303; x_wconf 87' lang='lat' dir='ltr'><strong>continuo</strong></span> <span class='ocrx_word' id='word_1_105' title='bbox 950 1236 1044 1300; x_wconf 84' lang='lat' dir='ltr'><strong>initia</strong></span> <span class='ocrx_word' id='word_1_106' title='bbox 1061 1257 1169 1300; x_wconf 86' lang='lat' dir='ltr'><strong>rerum</strong></span> <span class='ocrx_word' id='word_1_107' title='bbox 1189 1239 1222 1300; x_wconf 88' lang='lat' dir='ltr'><strong>et</strong></span> <span class='ocrx_word' id='word_1_108' title='bbox 1240 1235 1403 1300; x_wconf 85' lang='lat' dir='ltr'><strong>rationem</strong></span> 
     </span>
     <span class='ocr_line' id='line_1_12' title="bbox 217 1325 1403 1412; baseline -0.002 -21"><span class='ocrx_word' id='word_1_109' title='bbox 217 1328 331 1392; x_wconf 50' lang='lat' dir='ltr'><strong>vtotius</strong></span> <span class='ocrx_word' id='word_1_110' title='bbox 358 1328 482 1412; x_wconf 82' lang='lat' dir='ltr'><strong>negotii</strong></span> <span class='ocrx_word' id='word_1_111' title='bbox 505 1350 618 1411; x_wconf 87' lang='lat' dir='ltr'><strong>posses</strong></span> <span class='ocrx_word' id='word_1_112' title='bbox 643 1328 796 1411; x_wconf 87' lang='lat' dir='ltr'><strong>scribere,</strong></span> <span class='ocrx_word' id='word_1_113' title='bbox 824 1327 886 1391; x_wconf 88' lang='lat' dir='ltr'><strong>etsi</strong></span> <span class='ocrx_word' id='word_1_114' title='bbox 908 1325 1057 1409; x_wconf 86' lang='lat' dir='ltr'><strong>Dexippo</strong></span> <span class='ocrx_word' id='word_1_115' title='bbox 1081 1345 1208 1408; x_wconf 89' lang='lat' dir='ltr'><strong>quoque</strong></span> <span class='ocrx_word' id='word_1_116' title='bbox 1230 1325 1277 1388; x_wconf 90' lang='lat' dir='ltr'><strong>ita</strong></span> <span class='ocrx_word' id='word_1_117' title='bbox 1299 1325 1403 1409; x_wconf 88' lang='lat' dir='ltr'><strong>impe-</strong></span> 
     </span>
     <span class='ocr_line' id='line_1_13' title="bbox 230 1413 1402 1500; baseline -0.002 -21"><span class='ocrx_word' id='word_1_118' title='bbox 230 1418 309 1500; x_wconf 84' lang='lat' dir='ltr'><strong>ravi,</strong></span> <span class='ocrx_word' id='word_1_119' title='bbox 328 1416 440 1481; x_wconf 84' lang='lat' dir='ltr'><strong>statim</strong></span> <span class='ocrx_word' id='word_1_120' title='bbox 458 1421 496 1480; x_wconf 93' lang='lat' dir='ltr'><strong>ut</strong></span> <span class='ocrx_word' id='word_1_121' title='bbox 512 1420 700 1495; x_wconf 87' lang='lat' dir='ltr'><strong>recurreret,</strong></span> <span class='ocrx_word' id='word_1_122' title='bbox 719 1420 752 1480; x_wconf 88' lang='lat' dir='ltr'><strong>et</strong></span> <span class='ocrx_word' id='word_1_123' title='bbox 770 1415 811 1480; x_wconf 91' lang='lat' dir='ltr'><strong>ad</strong></span> <span class='ocrx_word' id='word_1_124' title='bbox 828 1415 961 1479; x_wconf 88' lang='lat' dir='ltr'><strong>fratrem</strong></span> <span class='ocrx_word' id='word_1_125' title='bbox 980 1414 1065 1496; x_wconf 85' lang='lat' dir='ltr'><strong>misi,</strong></span> <span class='ocrx_word' id='word_1_126' title='bbox 1083 1417 1121 1477; x_wconf 94' lang='lat' dir='ltr'><strong>ut</strong></span> <span class='ocrx_word' id='word_1_127' title='bbox 1140 1413 1251 1477; x_wconf 91' lang='lat' dir='ltr'><strong>crebro</strong></span> <span class='ocrx_word' id='word_1_128' title='bbox 1265 1413 1402 1491; x_wconf 85' lang='lat' dir='ltr'><strong>tabella-</strong></span> 
     </span>
     <span class='ocr_line' id='line_1_14' title="bbox 229 1500 1402 1591; baseline -0.003 -22"><span class='ocrx_word' id='word_1_129' title='bbox 229 1505 296 1569; x_wconf 89' lang='lat' dir='ltr'><strong>rios</strong></span> <span class='ocrx_word' id='word_1_130' title='bbox 324 1506 480 1587; x_wconf 71' lang='lat' dir='ltr'><strong>mitteret,</strong></span> <span class='ocrx_word' id='word_1_131' title='bbox 508 1526 583 1570; x_wconf 88' lang='lat' dir='ltr'><strong>nam</strong></span> <span class='ocrx_word' id='word_1_132' title='bbox 611 1527 672 1591; x_wconf 84' lang='lat' dir='ltr'><strong>ego</strong></span> <span class='ocrx_word' id='word_1_133' title='bbox 701 1527 739 1570; x_wconf 88' lang='lat' dir='ltr'><strong>eo</strong></span> <span class='ocrx_word' id='word_1_134' title='bbox 767 1505 899 1569; x_wconf 86' lang='lat' dir='ltr'><strong>nomine</strong></span> <span class='ocrx_word' id='word_1_135' title='bbox 923 1525 995 1566; x_wconf 90' lang='lat' dir='ltr'><strong>sum</strong></span> <span class='ocrx_word' id='word_1_136' title='bbox 1018 1500 1213 1586; x_wconf 87' lang='lat' dir='ltr'><strong>Dyrrhachii</strong></span> <span class='ocrx_word' id='word_1_137' title='bbox 1236 1501 1298 1566; x_wconf 92' lang='lat' dir='ltr'><strong>hoc</strong></span> <span class='ocrx_word' id='word_1_138' title='bbox 1321 1505 1402 1566; x_wconf 92' lang='lat' dir='ltr'><strong>tem-</strong></span> 
     </span>
     <span class='ocr_line' id='line_1_15' title="bbox 229 1591 1403 1678; baseline -0.003 -20"><span class='ocrx_word' id='word_1_139' title='bbox 229 1615 321 1676; x_wconf 90' lang='lat' dir='ltr'><strong>pore,</strong></span> <span class='ocrx_word' id='word_1_140' title='bbox 348 1597 384 1657; x_wconf 90' lang='lat' dir='ltr'><strong>ut</strong></span> <span class='ocrx_word' id='word_1_141' title='bbox 411 1615 508 1677; x_wconf 90' lang='lat' dir='ltr'><strong>quam</strong></span> <span class='ocrx_word' id='word_1_142' title='bbox 537 1595 714 1677; x_wconf 88' lang='lat' dir='ltr'><strong>celerrime,</strong></span> <span class='ocrx_word' id='word_1_143' title='bbox 741 1593 817 1678; x_wconf 90' lang='lat' dir='ltr'><strong>quid</strong></span> <span class='ocrx_word' id='word_1_144' title='bbox 841 1594 972 1677; x_wconf 82' lang='lat' dir='ltr'><strong>agatur,</strong></span> <span class='ocrx_word' id='word_1_145' title='bbox 996 1591 1138 1674; x_wconf 70' lang='lat' dir='ltr'><strong>audiam,</strong></span> <span class='ocrx_word' id='word_1_146' title='bbox 1166 1594 1199 1654; x_wconf 89' lang='lat' dir='ltr'><strong>et</strong></span> <span class='ocrx_word' id='word_1_147' title='bbox 1221 1612 1294 1654; x_wconf 90' lang='lat' dir='ltr'><strong>sum</strong></span> <span class='ocrx_word' id='word_1_148' title='bbox 1315 1594 1403 1674; x_wconf 73' lang='lat' dir='ltr'><strong>tuto,</strong></span> 
     </span>
     <span class='ocr_line' id='line_1_16' title="bbox 231 1676 1403 1765; baseline -0.003 -19"><span class='ocrx_word' id='word_1_149' title='bbox 231 1682 345 1746; x_wconf 84' lang='lat' dir='ltr'><strong>civitas</strong></span> <span class='ocrx_word' id='word_1_150' title='bbox 378 1686 464 1747; x_wconf 90' lang='lat' dir='ltr'><strong>enim</strong></span> <span class='ocrx_word' id='word_1_151' title='bbox 496 1682 575 1746; x_wconf 88' lang='lat' dir='ltr'><strong>haec</strong></span> <span class='ocrx_word' id='word_1_152' title='bbox 608 1703 735 1765; x_wconf 88' lang='lat' dir='ltr'><strong>semper</strong></span> <span class='ocrx_word' id='word_1_153' title='bbox 767 1704 787 1746; x_wconf 88' lang='lat' dir='ltr'><strong>a</strong></span> <span class='ocrx_word' id='word_1_154' title='bbox 818 1703 869 1746; x_wconf 91' lang='lat' dir='ltr'><strong>me</strong></span> <span class='ocrx_word' id='word_1_155' title='bbox 902 1681 1035 1746; x_wconf 85' lang='lat' dir='ltr'><strong>defensa</strong></span> <span class='ocrx_word' id='word_1_156' title='bbox 1067 1682 1124 1744; x_wconf 89' lang='lat' dir='ltr'><strong>est.</strong></span> <span class='ocrx_word' id='word_1_157' title='bbox 1170 1676 1252 1743; x_wconf 77' lang='lat' dir='ltr'><strong>Cum</strong></span> <span class='ocrx_word' id='word_1_158' title='bbox 1279 1680 1403 1744; x_wconf 91' lang='lat' dir='ltr'><strong>inimici</strong></span> 
     </span>
     <span class='ocr_line' id='line_1_17' title="bbox 231 1769 1044 1857; baseline -0.001 -23"><span class='ocrx_word' id='word_1_159' title='bbox 231 1771 335 1836; x_wconf 89' lang='lat' dir='ltr'><strong>nostri</strong></span> <span class='ocrx_word' id='word_1_160' title='bbox 358 1771 465 1835; x_wconf 83' lang='lat' dir='ltr'><strong>venire</strong></span> <span class='ocrx_word' id='word_1_161' title='bbox 489 1770 648 1856; x_wconf 85' lang='lat' dir='ltr'><strong>dicentur,</strong></span> <span class='ocrx_word' id='word_1_162' title='bbox 670 1778 740 1835; x_wconf 91' lang='lat' dir='ltr'><strong>tum</strong></span> <span class='ocrx_word' id='word_1_163' title='bbox 763 1771 798 1835; x_wconf 91' lang='lat' dir='ltr'><strong>in</strong></span> <span class='ocrx_word' id='word_1_164' title='bbox 820 1769 957 1855; x_wconf 81' lang='lat' dir='ltr'><strong>Epirum</strong></span> <span class='ocrx_word' id='word_1_165' title='bbox 977 1770 1044 1857; x_wconf 86' lang='lat' dir='ltr'><strong>ibo.</strong></span> 
     </span>
    </p>

    <p class='ocr_par' dir='ltr' id='par_1_5' title="bbox 195 1858 1486 2741">
     <span class='ocr_line' id='line_1_18' title="bbox 195 1858 1486 1944; baseline -0.005 -17"><span class='ocrx_word' id='word_1_166' title='bbox 195 1862 218 1927; x_wconf 79' lang='grc'>5</span> <span class='ocrx_word' id='word_1_167' title='bbox 321 1858 414 1935; x_wconf 79' lang='lat' dir='ltr'><strong>Quod</strong></span> <span class='ocrx_word' id='word_1_168' title='bbox 437 1860 551 1925; x_wconf 88' lang='lat' dir='ltr'><strong>scribis</strong></span> <span class='ocrx_word' id='word_1_169' title='bbox 570 1863 612 1944; x_wconf 90' lang='lat' dir='ltr'><strong>te,</strong></span> <span class='ocrx_word' id='word_1_170' title='bbox 636 1860 663 1924; x_wconf 89' lang='lat' dir='ltr'><strong>si</strong></span> <span class='ocrx_word' id='word_1_171' title='bbox 682 1860 788 1942; x_wconf 84' lang='lat' dir='ltr'><strong>velim,</strong></span> <span class='ocrx_word' id='word_1_172' title='bbox 810 1859 922 1922; x_wconf 91' lang='lat' dir='ltr'><strong>adme</strong></span> <span class='ocrx_word' id='word_1_173' title='bbox 943 1862 1307 1942; x_wconf 72' lang='lat' dir='ltr'><strong>venturamegorem,</strong></span> <span class='ocrx_word' id='word_1_174' title='bbox 1330 1878 1401 1921; x_wconf 86' lang='lat' dir='ltr'><strong>cum</strong></span> <span class='ocrx_word' id='word_1_175' title='bbox 1485 1872 1486 1883; x_wconf 61' lang='lat'>¹</span> 
     </span>
     <span class='ocr_line' id='line_1_19' title="bbox 233 1945 1403 2033; baseline -0.001 -22"><span class='ocrx_word' id='word_1_176' title='bbox 233 1948 334 2012; x_wconf 89' lang='lat' dir='ltr'><strong>sciam</strong></span> <span class='ocrx_word' id='word_1_177' title='bbox 361 1968 514 2033; x_wconf 85' lang='lat' dir='ltr'><strong>magnam</strong></span> <span class='ocrx_word' id='word_1_178' title='bbox 542 1952 669 2032; x_wconf 90' lang='lat' dir='ltr'><strong>partem</strong></span> <span class='ocrx_word' id='word_1_179' title='bbox 697 1949 791 2012; x_wconf 89' lang='lat' dir='ltr'><strong>istius</strong></span> <span class='ocrx_word' id='word_1_180' title='bbox 815 1948 920 2013; x_wconf 88' lang='lat' dir='ltr'><strong>oneris</strong></span> <span class='ocrx_word' id='word_1_181' title='bbox 944 1947 1001 2011; x_wconf 91' lang='lat' dir='ltr'><strong>aba</strong></span> <span class='ocrx_word' id='word_1_182' title='bbox 1024 1950 1057 2010; x_wconf 87' lang='lat' dir='ltr'><strong>te</strong></span> <span class='ocrx_word' id='word_1_183' title='bbox 1080 1945 1245 2029; x_wconf 87' lang='lat' dir='ltr'><strong>sustineri,</strong></span> <span class='ocrx_word' id='word_1_184' title='bbox 1272 1951 1306 2011; x_wconf 93' lang='lat' dir='ltr'><strong>te</strong></span> <span class='ocrx_word' id='word_1_185' title='bbox 1329 1946 1403 2010; x_wconf 85' lang='lat' dir='ltr'><strong>istic</strong></span> 
     </span>
     <span class='ocr_line' id='line_1_20' title="bbox 233 2033 1405 2121; baseline -0.003 -20"><span class='ocrx_word' id='word_1_186' title='bbox 233 2059 302 2101; x_wconf 90' lang='lat' dir='ltr'><strong>esse</strong></span> <span class='ocrx_word' id='word_1_187' title='bbox 325 2038 409 2103; x_wconf 83' lang='lat' dir='ltr'><strong>volo.</strong></span> <span class='ocrx_word' id='word_1_188' title='bbox 456 2035 490 2102; x_wconf 84' lang='lat' dir='ltr'><strong>Si</strong></span> <span class='ocrx_word' id='word_1_189' title='bbox 513 2038 667 2121; x_wconf 87' lang='lat' dir='ltr'><strong>perficitis</strong></span> <span class='ocrx_word' id='word_1_190' title='bbox 692 2037 777 2121; x_wconf 90' lang='lat' dir='ltr'><strong>quod</strong></span> <span class='ocrx_word' id='word_1_191' title='bbox 800 2037 908 2121; x_wconf 81' lang='lat' dir='ltr'><strong>agitis,</strong></span> <span class='ocrx_word' id='word_1_192' title='bbox 931 2058 982 2100; x_wconf 91' lang='lat' dir='ltr'><strong>me</strong></span> <span class='ocrx_word' id='word_1_193' title='bbox 1002 2035 1042 2099; x_wconf 89' lang='lat' dir='ltr'><strong>ad</strong></span> <span class='ocrx_word' id='word_1_194' title='bbox 1058 2055 1117 2099; x_wconf 81' lang='lat' dir='ltr'><strong>ros</strong></span> <span class='ocrx_word' id='word_1_195' title='bbox 1136 2033 1244 2100; x_wconf 83' lang='lat' dir='ltr'><strong>venire</strong></span> <span class='ocrx_word' id='word_1_196' title='bbox 1263 2038 1405 2118; x_wconf 82' lang='lat' dir='ltr'><strong>oportet,</strong></span> 
     </span>
     <span class='ocr_line' id='line_1_21' title="bbox 232 2122 1484 2210; baseline -0.003 -20"><span class='ocrx_word' id='word_1_197' title='bbox 232 2125 411 2191; x_wconf 88' lang='lat' dir='ltr'><strong>sinautem</strong></span> <span class='ocrx_word' id='word_1_198' title='bbox 429 2163 474 2172; x_wconf 92' lang='lat'><em>-</em></span> <span class='ocrx_word' id='word_1_199' title='bbox 488 2162 530 2174; x_wconf 93' lang='lat'><strong>·-</strong></span> <span class='ocrx_word' id='word_1_200' title='bbox 550 2126 606 2191; x_wconf 89' lang='lat' dir='ltr'><strong>sed</strong></span> <span class='ocrx_word' id='word_1_201' title='bbox 624 2127 707 2191; x_wconf 89' lang='lat' dir='ltr'><strong>nihil</strong></span> <span class='ocrx_word' id='word_1_202' title='bbox 726 2148 807 2210; x_wconf 89' lang='lat' dir='ltr'><strong>opus</strong></span> <span class='ocrx_word' id='word_1_203' title='bbox 827 2129 878 2189; x_wconf 87' lang='lat' dir='ltr'><strong>est</strong></span> <span class='ocrx_word' id='word_1_204' title='bbox 894 2123 1021 2208; x_wconf 88' lang='lat' dir='ltr'><strong>reliqua</strong></span> <span class='ocrx_word' id='word_1_205' title='bbox 1040 2123 1188 2188; x_wconf 89' lang='lat' dir='ltr'><strong>scribere.</strong></span> <span class='ocrx_word' id='word_1_206' title='bbox 1221 2122 1273 2188; x_wconf 82' lang='lat' dir='ltr'><strong>Ex</strong></span> <span class='ocrx_word' id='word_1_207' title='bbox 1290 2124 1404 2206; x_wconf 89' lang='lat' dir='ltr'><strong>primis</strong></span> <span class='ocrx_word' id='word_1_208' title='bbox 1483 2172 1484 2195; x_wconf 48' lang='lat'>2</span> 
     </span>
     <span class='ocr_line' id='line_1_22' title="bbox 233 2211 1404 2296; baseline -0.001 -18"><span class='ocrx_word' id='word_1_209' title='bbox 233 2218 289 2279; x_wconf 89' lang='lat' dir='ltr'><strong>aut</strong></span> <span class='ocrx_word' id='word_1_210' title='bbox 312 2237 474 2280; x_wconf 90' lang='lat' dir='ltr'><strong>summum</strong></span> <span class='ocrx_word' id='word_1_211' title='bbox 498 2217 645 2280; x_wconf 85' lang='lat' dir='ltr'><strong>secundis</strong></span> <span class='ocrx_word' id='word_1_212' title='bbox 664 2215 784 2279; x_wconf 85' lang='lat' dir='ltr'><strong>litteris</strong></span> <span class='ocrx_word' id='word_1_213' title='bbox 807 2214 872 2278; x_wconf 89' lang='lat' dir='ltr'><strong>tuis</strong></span> <span class='ocrx_word' id='word_1_214' title='bbox 897 2213 1093 2277; x_wconf 89' lang='lat' dir='ltr'><strong>constituere</strong></span> <span class='ocrx_word' id='word_1_215' title='bbox 1115 2211 1302 2296; x_wconf 83' lang='lat' dir='ltr'><strong>poterimus,</strong></span> <span class='ocrx_word' id='word_1_216' title='bbox 1327 2212 1404 2296; x_wconf 92' lang='lat' dir='ltr'><strong>quid</strong></span> 
     </span>
     <span class='ocr_line' id='line_1_23' title="bbox 232 2300 1405 2385; baseline -0.002 -19"><span class='ocrx_word' id='word_1_217' title='bbox 232 2303 328 2368; x_wconf 91' lang='lat' dir='ltr'><strong>nobis</strong></span> <span class='ocrx_word' id='word_1_218' title='bbox 347 2304 531 2368; x_wconf 89' lang='lat' dir='ltr'><strong>faciendum</strong></span> <span class='ocrx_word' id='word_1_219' title='bbox 552 2304 607 2367; x_wconf 90' lang='lat' dir='ltr'><strong>sit:</strong></span> <span class='ocrx_word' id='word_1_220' title='bbox 627 2308 664 2367; x_wconf 90' lang='lat' dir='ltr'><strong>tu</strong></span> <span class='ocrx_word' id='word_1_221' title='bbox 682 2303 779 2367; x_wconf 92' lang='lat' dir='ltr'><strong>modo</strong></span> <span class='ocrx_word' id='word_1_222' title='bbox 797 2302 838 2366; x_wconf 90' lang='lat' dir='ltr'><strong>ad</strong></span> <span class='ocrx_word' id='word_1_223' title='bbox 856 2323 907 2365; x_wconf 91' lang='lat' dir='ltr'><strong>me</strong></span> <span class='ocrx_word' id='word_1_224' title='bbox 921 2301 1018 2365; x_wconf 85' lang='lat' dir='ltr'><strong>velim</strong></span> <span class='ocrx_word' id='word_1_225' title='bbox 1033 2302 1142 2365; x_wconf 87' lang='lat' dir='ltr'><strong>omnia</strong></span> <span class='ocrx_word' id='word_1_226' title='bbox 1156 2300 1405 2385; x_wconf 77' lang='lat' dir='ltr'><strong>diligentissime</strong></span> 
     </span>
     <span class='ocr_line' id='line_1_24' title="bbox 232 2389 1406 2476; baseline -0.001 -22"><span class='ocrx_word' id='word_1_227' title='bbox 232 2393 423 2476; x_wconf 87' lang='lat' dir='ltr'><strong>perscribas,</strong></span> <span class='ocrx_word' id='word_1_228' title='bbox 447 2392 508 2455; x_wconf 90' lang='lat' dir='ltr'><strong>etsi</strong></span> <span class='ocrx_word' id='word_1_229' title='bbox 533 2392 637 2475; x_wconf 82' lang='lat' dir='ltr'><strong>magis</strong></span> <span class='ocrx_word' id='word_1_230' title='bbox 656 2392 722 2455; x_wconf 90' lang='lat' dir='ltr'><strong>iam</strong></span> <span class='ocrx_word' id='word_1_231' title='bbox 741 2412 809 2454; x_wconf 88' lang='lat' dir='ltr'><strong>rem</strong></span> <span class='ocrx_word' id='word_1_232' title='bbox 828 2412 925 2474; x_wconf 89' lang='lat' dir='ltr'><strong>quam</strong></span> <span class='ocrx_word' id='word_1_233' title='bbox 943 2390 1071 2454; x_wconf 89' lang='lat' dir='ltr'><strong>litteras</strong></span> <span class='ocrx_word' id='word_1_234' title='bbox 1091 2389 1190 2455; x_wconf 87' lang='lat' dir='ltr'><strong>debeo</strong></span> <span class='ocrx_word' id='word_1_235' title='bbox 1209 2394 1406 2474; x_wconf 88' lang='lat' dir='ltr'><strong>exspectare.</strong></span> 
     </span>
     <span class='ocr_line' id='line_1_25' title="bbox 233 2476 1405 2562; baseline 0.001 -20"><span class='ocrx_word' id='word_1_236' title='bbox 233 2476 332 2561; x_wconf 81' lang='lat' dir='ltr'><strong>(lura,</strong></span> <span class='ocrx_word' id='word_1_237' title='bbox 363 2484 400 2544; x_wconf 90' lang='lat' dir='ltr'><strong>ut</strong></span> <span class='ocrx_word' id='word_1_238' title='bbox 427 2480 535 2544; x_wconf 83' lang='lat' dir='ltr'><strong>valeas</strong></span> <span class='ocrx_word' id='word_1_239' title='bbox 563 2483 596 2543; x_wconf 86' lang='lat' dir='ltr'><strong>et</strong></span> <span class='ocrx_word' id='word_1_240' title='bbox 623 2479 670 2544; x_wconf 90' lang='lat' dir='ltr'><strong>ita</strong></span> <span class='ocrx_word' id='word_1_241' title='bbox 696 2479 759 2543; x_wconf 85' lang='lat' dir='ltr'><strong>tibi</strong></span> <span class='ocrx_word' id='word_1_242' title='bbox 785 2479 994 2562; x_wconf 87' lang='lat' dir='ltr'><strong>persuadeas,</strong></span> <span class='ocrx_word' id='word_1_243' title='bbox 1021 2478 1101 2541; x_wconf 91' lang='lat' dir='ltr'><strong>mihi</strong></span> <span class='ocrx_word' id='word_1_244' title='bbox 1128 2482 1160 2542; x_wconf 87' lang='lat' dir='ltr'><strong>te</strong></span> <span class='ocrx_word' id='word_1_245' title='bbox 1188 2479 1293 2542; x_wconf 89' lang='lat' dir='ltr'><strong>carius</strong></span> <span class='ocrx_word' id='word_1_246' title='bbox 1321 2478 1405 2543; x_wconf 91' lang='lat' dir='ltr'><strong>nihil</strong></span> 
     </span>
     <span class='ocr_line' id='line_1_26' title="bbox 233 2567 1408 2653; baseline -0.001 -22"><span class='ocrx_word' id='word_1_247' title='bbox 233 2589 303 2632; x_wconf 87' lang='lat' dir='ltr'><strong>esse</strong></span> <span class='ocrx_word' id='word_1_248' title='bbox 325 2589 384 2633; x_wconf 87' lang='lat' dir='ltr'><strong>nec</strong></span> <span class='ocrx_word' id='word_1_249' title='bbox 407 2590 549 2653; x_wconf 87' lang='lat' dir='ltr'><strong>unquam</strong></span> <span class='ocrx_word' id='word_1_250' title='bbox 567 2569 676 2633; x_wconf 85' lang='lat' dir='ltr'><strong>fuisse.</strong></span> <span class='ocrx_word' id='word_1_251' title='bbox 712 2567 806 2652; x_wconf 90' lang='lat' dir='ltr'><strong>Vale,</strong></span> <span class='ocrx_word' id='word_1_252' title='bbox 828 2589 900 2632; x_wconf 91' lang='lat' dir='ltr'><strong>mea</strong></span> <span class='ocrx_word' id='word_1_253' title='bbox 919 2567 1079 2651; x_wconf 84' lang='lat' dir='ltr'><strong>Terentia,</strong></span> <span class='ocrx_word' id='word_1_254' title='bbox 1103 2588 1200 2650; x_wconf 91' lang='lat' dir='ltr'><strong>quam</strong></span> <span class='ocrx_word' id='word_1_255' title='bbox 1219 2586 1278 2651; x_wconf 82' lang='lat' dir='ltr'><strong>ego</strong></span> <span class='ocrx_word' id='word_1_256' title='bbox 1297 2567 1408 2631; x_wconf 87' lang='lat' dir='ltr'><strong>videre</strong></span> 
     </span>
     <span class='ocr_line' id='line_1_27' title="bbox 233 2653 1244 2741; baseline -0.002 -20"><span class='ocrx_word' id='word_1_257' title='bbox 233 2657 356 2721; x_wconf 87' lang='lat' dir='ltr'><strong>videor:</strong></span> <span class='ocrx_word' id='word_1_258' title='bbox 379 2658 490 2741; x_wconf 85' lang='lat' dir='ltr'><strong>itaque</strong></span> <span class='ocrx_word' id='word_1_259' title='bbox 512 2657 666 2722; x_wconf 87' lang='lat' dir='ltr'><strong>debilitor</strong></span> <span class='ocrx_word' id='word_1_260' title='bbox 689 2656 842 2721; x_wconf 88' lang='lat' dir='ltr'><strong>lacrimis.</strong></span> <span class='ocrx_word' id='word_1_261' title='bbox 878 2655 970 2721; x_wconf 89' lang='lat' dir='ltr'><strong>Vale.</strong></span> <span class='ocrx_word' id='word_1_262' title='bbox 1005 2655 1057 2720; x_wconf 90' lang='lat' dir='ltr'><strong>Pr.</strong></span> <span class='ocrx_word' id='word_1_263' title='bbox 1076 2653 1149 2720; x_wconf 89' lang='lat' dir='ltr'><strong>Kal.</strong></span> <span class='ocrx_word' id='word_1_264' title='bbox 1167 2654 1244 2720; x_wconf 88' lang='lat' dir='ltr'><strong>Dee.</strong></span> 
     </span>
    </p>
   </div>
   <div class='ocr_carea' id='block_1_4' title="bbox 228 2881 1408 3238">
    <p class='ocr_par' dir='ltr' id='par_1_6' title="bbox 228 2881 1408 3238">
     <span class='ocr_line' id='line_1_28' title="bbox 232 2881 1405 2955; baseline -0.003 -17"><span class='ocrx_word' id='word_1_265' title='bbox 232 2884 331 2940; x_wconf 83' lang='lat' dir='ltr'><strong>Accua.</strong></span> <span class='ocrx_word' id='word_1_266' title='bbox 350 2883 407 2939; x_wconf 41' lang='lat' dir='ltr'><strong>*wie</strong></span> <span class='ocrx_word' id='word_1_267' title='bbox 430 2885 452 2938; x_wconf 92' lang='lat' dir='ltr'><strong>I.</strong></span> <span class='ocrx_word' id='word_1_268' title='bbox 471 2889 514 2940; x_wconf 77' lang='lat'><strong>25.</strong></span> <span class='ocrx_word' id='word_1_269' title='bbox 534 2891 564 2940; x_wconf 82' lang='lat'><strong>3:</strong></span> <span class='ocrx_word' id='word_1_270' title='bbox 591 2885 664 2939; x_wconf 74' lang='lat' dir='ltr'><strong>nitu</strong></span> <span class='ocrx_word' id='word_1_271' title='bbox 687 2884 791 2952; x_wconf 82' lang='lat' dir='ltr'><strong>labere,</strong></span> <span class='ocrx_word' id='word_1_272' title='bbox 843 2885 918 2955; x_wconf 80' lang='lat' dir='ltr'><strong>rum]</strong></span> <span class='ocrx_word' id='word_1_273' title='bbox 947 2883 993 2938; x_wconf 89' lang='lat' dir='ltr'><strong>die</strong></span> <span class='ocrx_word' id='word_1_274' title='bbox 1017 2884 1111 2937; x_wconf 82' lang='lat' dir='ltr'><strong>ersten</strong></span> <span class='ocrx_word' id='word_1_275' title='bbox 1134 2881 1270 2950; x_wconf 85' lang='lat' dir='ltr'><strong>Schritte,</strong></span> <span class='ocrx_word' id='word_1_276' title='bbox 1299 2881 1346 2936; x_wconf 88' lang='lat' dir='ltr'><strong>die</strong></span> <span class='ocrx_word' id='word_1_277' title='bbox 1370 2900 1405 2936; x_wconf 81' lang='lat' dir='ltr'><strong>zu</strong></span> 
     </span>
     <span class='ocr_line' id='line_1_29' title="bbox 231 2954 1405 3024; baseline -0.002 -14"><span class='ocrx_word' id='word_1_278' title='bbox 231 2956 289 3010; x_wconf 74' lang='lat' dir='ltr'><strong>nisi</strong></span> <span class='ocrx_word' id='word_1_279' title='bbox 307 2955 668 3022; x_wconf 72' lang='lat' dir='ltr'><strong>ut..,Au.x111.a.a=</strong></span> <span class='ocrx_word' id='word_1_280' title='bbox 697 2957 790 3011; x_wconf 81' lang='lat' dir='ltr'><strong>laboro</strong></span> <span class='ocrx_word' id='word_1_281' title='bbox 844 2957 941 3010; x_wconf 84' lang='lat' dir='ltr'><strong>aeinen</strong></span> <span class='ocrx_word' id='word_1_282' title='bbox 973 2955 1100 3008; x_wconf 81' lang='lat' dir='ltr'><strong>Gunsten</strong></span> <span class='ocrx_word' id='word_1_283' title='bbox 1132 2954 1298 3024; x_wconf 77' lang='lat' dir='ltr'><strong>geschehen,</strong></span> <span class='ocrx_word' id='word_1_284' title='bbox 1320 2969 1405 3008; x_wconf 82' lang='lat' dir='ltr'><strong>-eo</strong></span> 
     </span>
     <span class='ocr_line' id='line_1_30' title="bbox 231 3023 1404 3097; baseline -0.003 -17"><span class='ocrx_word' id='word_1_285' title='bbox 231 3028 312 3093; x_wconf 82' lang='lat' dir='ltr'><strong>idem,</strong></span> <span class='ocrx_word' id='word_1_286' title='bbox 330 3028 402 3097; x_wconf 74' lang='lat' dir='ltr'><strong>quod</strong></span> <span class='ocrx_word' id='word_1_287' title='bbox 419 3033 463 3091; x_wconf 65' lang='lat' dir='ltr'><strong>tra</strong></span> <span class='ocrx_word' id='word_1_288' title='bbox 483 3027 550 3081; x_wconf 89' lang='lat' dir='ltr'><strong>oder</strong></span> <span class='ocrx_word' id='word_1_289' title='bbox 567 3027 640 3096; x_wconf 76' lang='lat' dir='ltr'><strong>quod</strong></span> <span class='ocrx_word' id='word_1_290' title='bbox 658 3027 696 3080; x_wconf 87' lang='lat' dir='ltr'><strong>ist</strong></span> <span class='ocrx_word' id='word_1_291' title='bbox 713 3025 790 3081; x_wconf 89' lang='lat' dir='ltr'><strong>Kon-</strong></span> <span class='ocrx_word' id='word_1_292' title='bbox 843 3025 963 3096; x_wconf 76' lang='lat' dir='ltr'><strong>nominc]</strong></span> <span class='ocrx_word' id='word_1_293' title='bbox 985 3024 1138 3092; x_wconf 77' lang='lat' dir='ltr'><strong>‘deshalb’,</strong></span> <span class='ocrx_word' id='word_1_294' title='bbox 1156 3023 1210 3080; x_wconf 83' lang='lat' dir='ltr'><strong>wie</strong></span> <span class='ocrx_word' id='word_1_295' title='bbox 1230 3031 1272 3079; x_wconf 84' lang='lat'><strong>12.</strong></span> <span class='ocrx_word' id='word_1_296' title='bbox 1291 3028 1320 3091; x_wconf 80' lang='lat'><strong>53</strong></span> <span class='ocrx_word' id='word_1_297' title='bbox 1345 3023 1404 3093; x_wconf 77' lang='lat' dir='ltr'><strong>vgl.</strong></span> 
     </span>
     <span class='ocr_line' id='line_1_31' title="bbox 228 3095 1408 3167; baseline -0.001 -17"><span class='ocrx_word' id='word_1_298' title='bbox 228 3096 362 3166; x_wconf 85' lang='lat' dir='ltr'><strong>junktion</strong></span> <span class='ocrx_word' id='word_1_299' title='bbox 372 3097 446 3151; x_wconf 89' lang='lat' dir='ltr'><strong>nach</strong></span> <span class='ocrx_word' id='word_1_300' title='bbox 455 3096 790 3167; x_wconf 78' lang='lat' dir='ltr'><strong>I.1.4(quodtab.u.t.a).</strong></span> <span class='ocrx_word' id='word_1_301' title='bbox 844 3097 878 3151; x_wconf 92' lang='grc' dir='ltr'><strong>Π,</strong></span> <span class='ocrx_word' id='word_1_302' title='bbox 898 3101 976 3152; x_wconf 84' lang='grc'><strong>19.1</strong></span> <span class='ocrx_word' id='word_1_303' title='bbox 1005 3112 1032 3149; x_wconf 91' lang='lat' dir='ltr'><strong>u.</strong></span> <span class='ocrx_word' id='word_1_304' title='bbox 1060 3095 1107 3152; x_wconf 84' lang='lat' dir='ltr'><strong>IV.</strong></span> <span class='ocrx_word' id='word_1_305' title='bbox 1129 3101 1169 3150; x_wconf 85' lang='lat'><strong>15.</strong></span> <span class='ocrx_word' id='word_1_306' title='bbox 1189 3101 1214 3151; x_wconf 78' lang='grc' dir='ltr'><strong>ὅ.</strong></span> <span class='ocrx_word' id='word_1_307' title='bbox 1239 3125 1272 3135; x_wconf 88' lang='grc'>-</span> <span class='ocrx_word' id='word_1_308' title='bbox 1295 3096 1408 3150; x_wconf 73' lang='lat' dir='ltr'><strong>inimici</strong></span> 
     </span>
     <span class='ocr_line' id='line_1_32' title="bbox 232 3165 1404 3238; baseline -0.003 -16"><span class='ocrx_word' id='word_1_309' title='bbox 232 3198 267 3207; x_wconf 91' lang='lat'>—</span> <span class='ocrx_word' id='word_1_310' title='bbox 294 3167 397 3238; x_wconf 72' lang='lat' dir='ltr'><strong>officio]</strong></span> <span class='ocrx_word' id='word_1_311' title='bbox 430 3166 729 3223; x_wconf 85' lang='lat' dir='ltr'><strong>Dienstbefliseenheit.</strong></span> <span class='ocrx_word' id='word_1_312' title='bbox 756 3198 790 3208; x_wconf 92' lang='lat'>—</span> <span class='ocrx_word' id='word_1_313' title='bbox 843 3166 948 3237; x_wconf 65' lang='lat' dir='ltr'><strong>aedri]</strong></span> <span class='ocrx_word' id='word_1_314' title='bbox 1003 3166 1158 3221; x_wconf 81' lang='lat' dir='ltr'><strong>verbannte</strong></span> <span class='ocrx_word' id='word_1_315' title='bbox 1209 3165 1404 3233; x_wconf 80' lang='lat' dir='ltr'><strong>Catilinaricr,</strong></span> 
     </span>
    </p>
   </div>
   <div class='ocr_carea' id='block_1_5' title="bbox 231 3236 791 4089">
    <p class='ocr_par' dir='ltr' id='par_1_7' title="bbox 231 3236 790 3934">
     <span class='ocr_line' id='line_1_33' title="bbox 231 3236 790 3306; baseline 0 -13"><span class='ocrx_word' id='word_1_316' title='bbox 231 3239 293 3306; x_wconf 79' lang='lat' dir='ltr'><strong>frui</strong></span> <span class='ocrx_word' id='word_1_317' title='bbox 316 3239 396 3294; x_wconf 78' lang='lat' dir='ltr'><strong>liceat</strong></span> <span class='ocrx_word' id='word_1_318' title='bbox 433 3236 532 3292; x_wconf 85' lang='lat' dir='ltr'><strong>Dieser</strong></span> <span class='ocrx_word' id='word_1_319' title='bbox 550 3237 676 3293; x_wconf 88' lang='lat' dir='ltr'><strong>Wunsch</strong></span> <span class='ocrx_word' id='word_1_320' title='bbox 694 3237 790 3293; x_wconf 83' lang='lat' dir='ltr'><strong>warda</strong></span> 
     </span>
     <span class='ocr_line' id='line_1_34' title="bbox 232 3307 788 3375; baseline 0 -12"><span class='ocrx_word' id='word_1_321' title='bbox 232 3308 312 3363; x_wconf 89' lang='lat' dir='ltr'><strong>nicht</strong></span> <span class='ocrx_word' id='word_1_322' title='bbox 345 3325 374 3364; x_wconf 89' lang='lat' dir='ltr'><strong>er</strong></span> <span class='ocrx_word' id='word_1_323' title='bbox 418 3309 453 3375; x_wconf 71' lang='lat' dir='ltr'><strong>lt,</strong></span> <span class='ocrx_word' id='word_1_324' title='bbox 485 3307 550 3363; x_wconf 90' lang='lat' dir='ltr'><strong>Piso</strong></span> <span class='ocrx_word' id='word_1_325' title='bbox 576 3310 652 3364; x_wconf 87' lang='lat' dir='ltr'><strong>starb</strong></span> <span class='ocrx_word' id='word_1_326' title='bbox 679 3310 788 3363; x_wconf 86' lang='lat' dir='ltr'><strong>vorher.</strong></span> 
     </span>
     <span class='ocr_line' id='line_1_35' title="bbox 234 3378 789 3436; baseline 0 -2"><span class='ocrx_word' id='word_1_327' title='bbox 234 3380 262 3434; x_wconf 84' lang='lat' dir='ltr'><strong>S.</strong></span> <span class='ocrx_word' id='word_1_328' title='bbox 280 3380 384 3434; x_wconf 76' lang='lat' dir='ltr'><strong>Turum</strong></span> <span class='ocrx_word' id='word_1_329' title='bbox 404 3378 534 3435; x_wconf 84' lang='lat' dir='ltr'><strong>Vorbem.</strong></span> <span class='ocrx_word' id='word_1_330' title='bbox 552 3397 579 3435; x_wconf 89' lang='lat' dir='ltr'><strong>u.</strong></span> <span class='ocrx_word' id='word_1_331' title='bbox 598 3399 620 3434; x_wconf 81' lang='lat' dir='ltr'><strong>a.</strong></span> <span class='ocrx_word' id='word_1_332' title='bbox 639 3381 660 3434; x_wconf 89' lang='lat'><strong>1.</strong></span> <span class='ocrx_word' id='word_1_333' title='bbox 675 3386 701 3436; x_wconf 74' lang='lat'><strong>2.</strong></span> <span class='ocrx_word' id='word_1_334' title='bbox 714 3385 789 3434; x_wconf 76' lang='lat'><strong>2.-</strong></span> 
     </span>
     <span class='ocr_line' id='line_1_36' title="bbox 232 3449 789 3577; baseline 0.004 -2"><span class='ocrx_word' id='word_1_335' title='bbox 232 3452 334 3575; x_wconf 65' lang='lat' dir='ltr'><strong>iiarii</strong></span> <span class='ocrx_word' id='word_1_336' title='bbox 347 3449 542 3576; x_wconf 45' lang='lat' dir='ltr'><strong>ahii&#39;lduelidd]</strong></span> <span class='ocrx_word' id='word_1_337' title='bbox 554 3449 789 3577; x_wconf 40' lang='lat' dir='ltr'><strong>iliiihniiihhnff</strong></span> 
     </span>
     <span class='ocr_line' id='line_1_37' title="bbox 233 3563 790 3664; baseline 0 -16"><span class='ocrx_word' id='word_1_338' title='bbox 233 3598 326 3649; x_wconf 79' lang='lat' dir='ltr'><strong>actum</strong></span> <span class='ocrx_word' id='word_1_339' title='bbox 343 3593 393 3664; x_wconf 84' lang='lat' dir='ltr'><strong>eal]</strong></span> <span class='ocrx_word' id='word_1_340' title='bbox 412 3563 459 3647; x_wconf 78' lang='lat' dir='ltr'><strong>eiii</strong></span> <span class='ocrx_word' id='word_1_341' title='bbox 477 3563 595 3648; x_wconf 67' lang='lat' dir='ltr'><strong>ausder</strong></span> <span class='ocrx_word' id='word_1_342' title='bbox 607 3565 790 3664; x_wconf 86' lang='lat' dir='ltr'><strong>juristischcn</strong></span> 
     </span>
     <span class='ocr_line' id='line_1_38' title="bbox 234 3663 790 3735; baseline -0.002 -16"><span class='ocrx_word' id='word_1_343' title='bbox 234 3663 501 3734; x_wconf 70' lang='lat' dir='ltr'><strong>Geschaftssprache</strong></span> <span class='ocrx_word' id='word_1_344' title='bbox 519 3664 549 3718; x_wconf 89' lang='lat' dir='ltr'><strong>in</strong></span> <span class='ocrx_word' id='word_1_345' title='bbox 567 3664 612 3720; x_wconf 89' lang='lat' dir='ltr'><strong>die</strong></span> <span class='ocrx_word' id='word_1_346' title='bbox 630 3663 790 3735; x_wconf 81' lang='lat' dir='ltr'><strong>Umgangs-</strong></span> 
     </span>
     <span class='ocr_line' id='line_1_39' title="bbox 234 3734 789 3859; baseline 0.004 -71"><span class='ocrx_word' id='word_1_347' title='bbox 234 3734 352 3834; x_wconf 65' lang='lat' dir='ltr'><strong>pprache</strong></span> <span class='ocrx_word' id='word_1_348' title='bbox 366 3735 435 3790; x_wconf 77' lang='lat' dir='ltr'><strong>iiber</strong></span> <span class='ocrx_word' id='word_1_349' title='bbox 457 3751 615 3818; x_wconf 75' lang='lat' dir='ltr'><strong>egangener</strong></span> <span class='ocrx_word' id='word_1_350' title='bbox 628 3734 789 3859; x_wconf 64' lang='lat' dir='ltr'><strong>Apsdruclrl:</strong></span> 
     </span>
     <span class='ocr_line' id='line_1_40' title="bbox 233 3807 789 3934; baseline 0 -2"><span class='ocrx_word' id='word_1_351' title='bbox 233 3823 279 3933; x_wconf 57' lang='lat' dir='ltr'><strong>a?</strong></span> <span class='ocrx_word' id='word_1_352' title='bbox 298 3810 413 3932; x_wconf 62' lang='lat' dir='ltr'><strong>itt</strong></span> <span class='ocrx_word' id='word_1_353' title='bbox 431 3807 684 3934; x_wconf 47' lang='lat' dir='ltr'><strong>latratu:</strong></span> <span class='ocrx_word' id='word_1_354' title='bbox 725 3807 789 3876; x_wconf 40' lang='grc' dir='ltr'><strong>γε·</strong></span> 
     </span>
    </p>

    <p class='ocr_par' dir='ltr' id='par_1_8' title="bbox 233 3946 791 4089">
     <span class='ocr_line' id='line_1_41' title="bbox 269 3946 791 4020; baseline -0.002 -18"><span class='ocrx_word' id='word_1_355' title='bbox 269 3953 295 4004; x_wconf 81' lang='lat'><strong>4.</strong></span> <span class='ocrx_word' id='word_1_356' title='bbox 314 3947 456 4020; x_wconf 76' lang='lat' dir='ltr'><strong>continue]</strong></span> <span class='ocrx_word' id='word_1_357' title='bbox 476 3946 688 4018; x_wconf 78' lang='lat' dir='ltr'><strong>unveradglioh,</strong></span> <span class='ocrx_word' id='word_1_358' title='bbox 709 3964 791 4003; x_wconf 84' lang='lat' dir='ltr'><strong>wenn</strong></span> 
     </span>
     <span class='ocr_line' id='line_1_42' title="bbox 233 4019 791 4089; baseline -0.002 -14"><span class='ocrx_word' id='word_1_359' title='bbox 233 4021 322 4075; x_wconf 86' lang='lat' dir='ltr'><strong>etwas</strong></span> <span class='ocrx_word' id='word_1_360' title='bbox 344 4019 505 4089; x_wconf 74' lang='lat' dir='ltr'><strong>geachehen</strong></span> <span class='ocrx_word' id='word_1_361' title='bbox 526 4019 572 4076; x_wconf 86' lang='lat' dir='ltr'><strong>ist.</strong></span> <span class='ocrx_word' id='word_1_362' title='bbox 591 4050 626 4061; x_wconf 94' lang='lat'>—</span> <span class='ocrx_word' id='word_1_363' title='bbox 643 4020 729 4076; x_wconf 77' lang='lat' dir='ltr'><strong>initia</strong></span> <span class='ocrx_word' id='word_1_364' title='bbox 750 4035 791 4075; x_wconf 83' lang='lat' dir='ltr'><strong>rc·</strong></span> 
     </span>
    </p>
   </div>
   <div class='ocr_carea' id='block_1_6' title="bbox 842 3235 1406 3591">
    <p class='ocr_par' dir='ltr' id='par_1_9' title="bbox 842 3235 1406 3434">
     <span class='ocr_line' id='line_1_43' title="bbox 844 3235 1406 3307; baseline -0.007 -13"><span class='ocrx_word' id='word_1_365' title='bbox 844 3237 951 3293; x_wconf 82' lang='lat' dir='ltr'><strong>welche</strong></span> <span class='ocrx_word' id='word_1_366' title='bbox 979 3235 1040 3291; x_wconf 89' lang='lat' dir='ltr'><strong>sich</strong></span> <span class='ocrx_word' id='word_1_367' title='bbox 1068 3253 1104 3292; x_wconf 86' lang='lat' dir='ltr'><strong>an</strong></span> <span class='ocrx_word' id='word_1_368' title='bbox 1132 3238 1181 3291; x_wconf 87' lang='lat' dir='ltr'><strong>dar</strong></span> <span class='ocrx_word' id='word_1_369' title='bbox 1208 3236 1406 3307; x_wconf 78' lang='lat' dir='ltr'><strong>griechischen</strong></span> 
     </span>
     <span class='ocr_line' id='line_1_44' title="bbox 843 3307 1406 3380; baseline 0 -17"><span class='ocrx_word' id='word_1_370' title='bbox 843 3310 932 3363; x_wconf 76' lang='lat' dir='ltr'><strong>Kflste</strong></span> <span class='ocrx_word' id='word_1_371' title='bbox 962 3307 1126 3364; x_wconf 86' lang='lat' dir='ltr'><strong>aufhialten.</strong></span> <span class='ocrx_word' id='word_1_372' title='bbox 1151 3339 1185 3349; x_wconf 90' lang='lat'><em>-</em></span> <span class='ocrx_word' id='word_1_373' title='bbox 1209 3311 1242 3362; x_wconf 79' lang='lat' dir='ltr'><strong>iu</strong></span> <span class='ocrx_word' id='word_1_374' title='bbox 1267 3307 1406 3380; x_wconf 79' lang='lat' dir='ltr'><strong>Epirum]</strong></span> 
     </span>
     <span class='ocr_line' id='line_1_45' title="bbox 842 3378 1013 3434; baseline 0 0"><span class='ocrx_word' id='word_1_375' title='bbox 842 3397 877 3434; x_wconf 83' lang='lat' dir='ltr'><strong>zu</strong></span> <span class='ocrx_word' id='word_1_376' title='bbox 894 3378 1013 3434; x_wconf 89' lang='lat' dir='ltr'><strong>Atticus.</strong></span> 
     </span>
    </p>

    <p class='ocr_par' dir='ltr' id='par_1_10' title="bbox 843 3449 1404 3591">
     <span class='ocr_line' id='line_1_46' title="bbox 879 3449 1404 3521; baseline -0.002 -17"><span class='ocrx_word' id='word_1_377' title='bbox 879 3455 903 3505; x_wconf 81' lang='lat'><strong>5.</strong></span> <span class='ocrx_word' id='word_1_378' title='bbox 922 3452 1003 3505; x_wconf 72' lang='lat' dir='ltr'><strong>istius</strong></span> <span class='ocrx_word' id='word_1_379' title='bbox 1016 3449 1118 3521; x_wconf 69' lang='lat' dir='ltr'><strong>cama]</strong></span> <span class='ocrx_word' id='word_1_380' title='bbox 1137 3449 1186 3504; x_wconf 89' lang='lat' dir='ltr'><strong>der</strong></span> <span class='ocrx_word' id='word_1_381' title='bbox 1200 3449 1333 3519; x_wconf 84' lang='lat' dir='ltr'><strong>dortigen</strong></span> <span class='ocrx_word' id='word_1_382' title='bbox 1346 3450 1404 3520; x_wconf 86' lang='lat' dir='ltr'><strong>(wo</strong></span> 
     </span>
     <span class='ocr_line' id='line_1_47' title="bbox 843 3521 1404 3591; baseline 0.004 -16"><span class='ocrx_word' id='word_1_383' title='bbox 843 3521 882 3575; x_wconf 86' lang='lat' dir='ltr'><strong>du</strong></span> <span class='ocrx_word' id='word_1_384' title='bbox 904 3521 973 3591; x_wconf 82' lang='lat' dir='ltr'><strong>bist)</strong></span> <span class='ocrx_word' id='word_1_385' title='bbox 990 3522 1103 3576; x_wconf 79' lang='lat' dir='ltr'><strong>Milhen.</strong></span> <span class='ocrx_word' id='word_1_386' title='bbox 1121 3551 1156 3561; x_wconf 95' lang='lat'>-</span> <span class='ocrx_word' id='word_1_387' title='bbox 1174 3521 1220 3576; x_wconf 77' lang='lat' dir='ltr'><strong>ain</strong></span> <span class='ocrx_word' id='word_1_388' title='bbox 1244 3527 1335 3577; x_wconf 76' lang='lat' dir='ltr'><strong>autem</strong></span> <span class='ocrx_word' id='word_1_389' title='bbox 1353 3521 1404 3591; x_wconf 90' lang='lat'><strong>-]</strong></span> 
     </span>
    </p>
   </div>
   <div class='ocr_carea' id='block_1_7' title="bbox 842 3590 1486 3732">
    <p class='ocr_par' dir='ltr' id='par_1_11' title="bbox 842 3590 1486 3732">
     <span class='ocr_line' id='line_1_48' title="bbox 842 3590 1486 3662; baseline -0.005 -14"><span class='ocrx_word' id='word_1_390' title='bbox 842 3590 1406 3662; x_wconf 76' lang='lat' dir='ltr'><strong>Denuntardrdcktenfledankenspricht</strong></span> <span class='ocrx_word' id='word_1_391' title='bbox 1485 3628 1486 3653; x_wconf 69' lang='lat'><strong>,</strong></span> 
     </span>
     <span class='ocr_line' id='line_1_49' title="bbox 843 3662 1486 3732; baseline 0 -13"><span class='ocrx_word' id='word_1_392' title='bbox 843 3681 874 3719; x_wconf 90' lang='lat' dir='ltr'><strong>er</strong></span> <span class='ocrx_word' id='word_1_393' title='bbox 891 3662 997 3718; x_wconf 88' lang='lat' dir='ltr'><strong>11.a.1</strong></span> <span class='ocrx_word' id='word_1_394' title='bbox 1018 3665 1066 3732; x_wconf 84' lang='lat' dir='ltr'><strong>(an</strong></span> <span class='ocrx_word' id='word_1_395' title='bbox 1080 3662 1202 3732; x_wconf 84' lang='lat' dir='ltr'><strong>Atticus)</strong></span> <span class='ocrx_word' id='word_1_396' title='bbox 1220 3663 1327 3718; x_wconf 87' lang='lat' dir='ltr'><strong>offener</strong></span> <span class='ocrx_word' id='word_1_397' title='bbox 1341 3680 1402 3719; x_wconf 85' lang='lat' dir='ltr'><strong>aua.</strong></span> <span class='ocrx_word' id='word_1_398' title='bbox 1485 3662 1486 3719; x_wconf 71' lang='grc' dir='ltr'>ἶ</span> 
     </span>
    </p>
   </div>
   <div class='ocr_carea' id='block_1_8' title="bbox 844 3732 1406 4089">
    <p class='ocr_par' dir='ltr' id='par_1_12' title="bbox 844 3732 1406 4089">
     <span class='ocr_line' id='line_1_50' title="bbox 844 3732 1405 3887; baseline -0.005 -26"><span class='ocrx_word' id='word_1_399' title='bbox 844 3732 1405 3887; x_wconf 53' lang='lat' dir='ltr'><strong>uitrdrtltizlwttlttt</strong></span> 
     </span>
     <span class='ocr_line' id='line_1_51' title="bbox 845 3875 1402 3944; baseline -0.002 -14"><span class='ocrx_word' id='word_1_400' title='bbox 845 3876 907 3931; x_wconf 83' lang='lat' dir='ltr'><strong>dass</strong></span> <span class='ocrx_word' id='word_1_401' title='bbox 930 3876 985 3933; x_wconf 78' lang='lat' dir='ltr'><strong>,ich</strong></span> <span class='ocrx_word' id='word_1_402' title='bbox 1012 3877 1091 3930; x_wconf 83' lang='lat' dir='ltr'><strong>mehr</strong></span> <span class='ocrx_word' id='word_1_403' title='bbox 1119 3877 1197 3930; x_wconf 80' lang='lat' dir='ltr'><strong>dlese</strong></span> <span class='ocrx_word' id='word_1_404' title='bbox 1225 3875 1326 3944; x_wconf 85' lang='lat' dir='ltr'><strong>selbat,</strong></span> <span class='ocrx_word' id='word_1_405' title='bbox 1359 3876 1402 3930; x_wconf 86' lang='lat' dir='ltr'><strong>als</strong></span> 
     </span>
     <span class='ocr_line' id='line_1_52' title="bbox 844 3945 1406 4017; baseline -0.004 -16"><span class='ocrx_word' id='word_1_406' title='bbox 844 3946 1033 4002; x_wconf 88' lang='lat' dir='ltr'><strong>Nachrichten</strong></span> <span class='ocrx_word' id='word_1_407' title='bbox 1064 3946 1134 4002; x_wconf 81' lang='lat' dir='ltr'><strong>dbar</strong></span> <span class='ocrx_word' id='word_1_408' title='bbox 1161 3947 1216 4002; x_wconf 89' lang='lat' dir='ltr'><strong>den</strong></span> <span class='ocrx_word' id='word_1_409' title='bbox 1243 3947 1325 4017; x_wconf 80' lang='lat' dir='ltr'><strong>Gang</strong></span> <span class='ocrx_word' id='word_1_410' title='bbox 1353 3945 1406 4000; x_wconf 82' lang='lat' dir='ltr'><strong>der</strong></span> 
     </span>
     <span class='ocr_line' id='line_1_53' title="bbox 845 4017 1193 4089; baseline -0.003 -16"><span class='ocrx_word' id='word_1_411' title='bbox 845 4017 937 4089; x_wconf 80' lang='lat' dir='ltr'><strong>Dinge</strong></span> <span class='ocrx_word' id='word_1_412' title='bbox 955 4020 1093 4074; x_wconf 83' lang='lat' dir='ltr'><strong>arwartan</strong></span> <span class='ocrx_word' id='word_1_413' title='bbox 1110 4017 1193 4072; x_wconf 78' lang='lat' dir='ltr'><strong>murs.</strong></span> 
     </span>
    </p>
   </div>
   <div class='ocr_carea' id='block_1_9' title="bbox 0 0 1504 4956">
    <p class='ocr_par' dir='ltr' id='par_1_13' title="bbox 0 0 1504 4956">
     <span class='ocr_line' id='line_1_54' title="bbox 0 0 1504 4956; baseline 0 0"><span class='ocrx_word' id='word_1_414' title='bbox 0 0 1504 4956; x_wconf 95' lang='lat' dir='ltr'><strong> </strong></span> 
     </span>
    </p>
   </div>
  </div>
 </body>
</html>
