2998 4956
621 262 815 318 TERENTIA.
1259 263 1304 327 23

136 427 189 491 tui
210 426 281 492 fore
304 427 537 491 observantem.
568 424 659 491 Sicca
681 426 807 491 dixerat
829 447 864 491 se
882 447 1007 491 mecum
1025 424 1103 505 fore,
1126 425 1182 490 sed
1201 425 1304 490 Brun·

135 514 220 605 disio
242 515 399 580 discessit.
445 513 545 599 Oura,
572 515 658 599 quod
680 518 788 600 poter,
812 519 849 579 ut
872 516 980 580 valeas
1003 518 1037 579 et
1059 514 1105 578 sic
1128 514 1303 599 existimes,

49 604 54 613 '
135 626 188 668 me
224 603 445 668 vehementius
482 609 539 669 tua
575 604 706 669 miseria
738 626 836 688 quam
867 625 940 669 mea
971 604 1174 668 commoveri.
1228 602 1303 667 Mea

134 692 295 777 Terentia,
318 692 476 758 fidissima
499 696 596 777 atque
619 693 744 776 optima
761 715 850 775 uxor,
873 696 906 757 et
923 713 996 757 mea
1014 692 1182 756 carissima
1199 691 1303 756 filiola

130 785 167 846 et
186 802 260 865 spes
277 781 403 866 reliqua
420 785 542 866 nostra,
560 779 682 865 Cicero,
700 782 817 846 valete.
844 781 895 846 Pr.
909 779 981 846 Kal.
994 780 1100 845 Maias
1118 779 1303 846 Brundisio.

595 1065 772 1130 Errsruur
794 1064 836 1129 Π.

572 1186 627 1256 (Ad
645 1185 711 1241 fam.
730 1185 802 1242 XIV.
822 1187 859 1256 2.)

145 1309 302 1366 TULLIUS
322 1311 349 1367 S.
368 1310 402 1367 D.
421 1308 630 1366 TERENTIAE
649 1310 697 1364 ET
716 1309 921 1366 TULLIOLAE
940 1311 987 1365 ET
1006 1309 1177 1366 CICERONI
1195 1309 1282 1365 sule.

184 1434 190 1466 ³
218 1436 298 1503 Noli
315 1442 431 1523 putare
450 1459 501 1502 me
521 1438 560 1502 ad
580 1459 774 1524 quemquam
793 1437 957 1523 longiores
977 1437 1132 1521 epistulas
1151 1437 1335 1522 scribere‚l

128 1526 194 1591 nisi
222 1528 250 1592 si
280 1529 350 1611 quis
375 1527 416 1592 ad
439 1549 490 1591 me
513 1526 607 1610 plura
631 1527 775 1612 scripsit,
802 1527 854 1591 cui
875 1530 956 1611 puto
979 1527 1115 1591 rescribi
1137 1530 1301 1612 oportete3

128 1637 189 1680 nec
222 1616 307 1680 enim
334 1616 454 1698 habeo,
487 1617 563 1700 quid
592 1617 746 1697 scribam,
778 1636 838 1680 nec
864 1616 927 1680 hoc
952 1619 1099 1698 tcmpore
1127 1616 1300 1700 quiequam

131 1703 295 1769 difficilius
319 1705 412 1769 facio.
445 1705 496 1768 Ad
515 1708 549 1769 te
567 1726 642 1768 vero
662 1708 695 1768 et
713 1704 753 1769 ad
772 1708 916 1769 nostram
935 1703 1113 1769 Tulliolam
1132 1725 1198 1768 non
1216 1725 1299 1788 queo

126 1792 200 1857 sine
227 1794 377 1877 plurimis
405 1792 549 1857 lacrimis
578 1793 729 1878 scribere3
757 1815 814 1857 vos
839 1794 924 1856 enim
947 1793 1038 1858 video
1064 1814 1134 1857 esse
1157 1792 1299 1857 miserri-

127 1903 209 1966 mas,
233 1903 314 1965 quas
337 1901 398 1966 ego
422 1881 626 1945 beatissimas
651 1902 775 1965 semper
798 1902 868 1945 esse
891 1881 991 1964 rolui3
1013 1881 1110 1966 idque
1133 1886 1299 1965 praestare

126 1970 226 2034 debui
250 1973 291 2053 et,
313 1970 377 2033 nisi
398 1973 467 2033 tam
490 1969 596 2033 timidi
618 1969 802 2051 fuissemus,
824 1970 1068 2052 praestitissem.

219 2056 370 2122 Pisonem
401 2061 549 2122 nostrum
583 2059 699 2122 merito
729 2059 797 2122 eius
825 2079 898 2122 amo
925 2058 1113 2142 plurimum3
1145 2079 1233 2138 eum,
1263 2060 1335 2126 utu

126 2147 233 2230 potui,
261 2167 320 2230 per
347 2147 474 2211 litteras
504 2146 693 2211 cohortatus
722 2169 794 2211 sum
822 2147 1010 2231 gratiasque
1038 2146 1104 2232 egi,
1131 2150 1168 2210 ut
1192 2146 1298 2211 debui.

125 2234 167 2299 In
188 2235 281 2299 novis
305 2235 444 2299 tribunis
466 2235 571 2318 plebis
594 2235 751 2320 intellego
776 2256 866 2319 spem
888 2240 921 2300 te
944 2235 1078 2300 habere:
1104 2234 1139 2299 id
1162 2236 1224 2299 erit
1245 2235 1297 2299 fir·

126 2344 231 2408 mum,
259 2324 288 2387 si
314 2322 462 2408 Pompeii
491 2323 644 2388 voluntas
673 2325 748 2408 erit3
777 2324 831 2388 sed
861 2321 1015 2389 Crassum
1042 2329 1152 2388 tamen
1180 2329 1298 2389 metuo.

125 2412 157 2476 A
179 2416 213 2476 te
237 2411 364 2496 quidem
389 2412 497 2477 omnia
520 2411 591 2478 fieri
614 2411 793 2477 fortissime
817 2416 850 2477 et
869 2413 1092 2478 amantissime
1112 2413 1215 2498 rideo,
1238 2435 1298 2478 nec

126 2500 240 2585 miror,
272 2500 328 2565 sed
360 2522 487 2565 maereo
520 2522 630 2566 casum
663 2500 833 2583 eiusmodi,
865 2505 902 2565 ut
935 2503 1036 2568 tantis
1064 2503 1129 2567 tuis
1157 2503 1297 2567 miseriis

126 2612 219 2655 meae
248 2589 395 2654 miseriae
424 2590 640 2654 subleventur.
684 2590 770 2656 Nem
799 2590 839 2654 ad
868 2612 919 2654 me
946 2589 982 2656 P.
1004 2589 1172 2674 Valerius,
1199 2590 1297 2656 homo

123 2678 307 2763 officiosus,
330 2679 471 2762 scripsit,
492 2677 526 2742 id
550 2678 636 2761 quod
659 2698 719 2763 ego
742 2678 885 2743 maximo
908 2700 981 2743 cum
1004 2679 1082 2743 fletu
1104 2680 1179 2763 legi,
1202 2701 1298 2764 quem

123 2942 174 2996 des
195 2940 314 3010 Begriffs
333 2940 477 3010 gebildete
495 2938 609 3009 Adjekt.
628 2940 686 2995 und
776 2946 801 2995 2.
820 2938 959 3010 Pisonem]
978 2937 1110 2994 Derselbe
1126 2938 1206 2994 hatte
1220 2939 1297 3009 (wie-

122 3011 249 3068 Adverb.
264 3012 327 3066 sind
340 3013 370 3066 in
385 3010 561 3066 denBrielen
574 3011 684 3081 htufiffi
739 3010 815 3065 wohl
847 3011 1012 3081 vergebens)
1043 3010 1097 3066 mit
1124 3010 1215 3065 seiner
1243 3010 1296 3066 Ge·

122 3083 184 3152 vgl.
207 3083 228 3136 L
254 3089 295 3138 18.
319 3088 366 3150 183
404 3088 447 3138 20.
471 3086 502 3148 8;
534 3080 568 3135 H.
592 3088 636 3136 25.
655 3089 685 3148 3;
739 3081 848 3137 mahlin
869 3081 963 3136 Tullia
985 3081 1082 3137 seinen
1101 3082 1296 3151 Verwandten,

120 3160 225 3221 nr.1;
267 3160 310 3209 28.
335 3160 364 3221 33
401 3152 448 3207 111.
477 3157 502 3207 8.
526 3159 556 3219 33
593 3157 684 3207 14.1.
739 3154 792 3207 den
807 3154 913 3210 Konsul
928 3150 1138 3223 L.Celpumius
1153 3152 1226 3222 Piso,
1246 3155 1297 3208 der

122 3256 159 3266 -
186 3225 278 3296 Sicco]
316 3226 367 3279 Bei
398 3223 457 3278 ihm
484 3224 564 3278 hatte
588 3222 684 3279 Cicero
739 3224 836 3280 Cicero
864 3224 1000 3279 feindlioh
1023 3225 1136 3295 gesinnt
1157 3242 1217 3280 war
1237 3225 1296 3280 und

120 3295 174 3351 auf
199 3295 265 3350 dem
294 3297 382 3365 Wege
409 3295 483 3350 nach
505 3294 685 3350 Brundisium
738 3314 773 3349 zu
791 3298 891 3351 dassen
904 3295 1095 3365 Verbannung
1115 3296 1296 3366 beigetrugen

120 3368 153 3422 in
181 3366 255 3422 Vibo
290 3365 350 3421 sich
379 3365 568 3436 ausgehalteu.
597 3397 631 3406 -
658 3383 686 3422 se
739 3368 827 3436 hatte,
845 3369 899 3422 mit
916 3366 969 3421 den
984 3368 1184 3437 dringendsten
1198 3365 1295 3422 Bitten

121 3455 226 3494 mecum
252 3438 322 3509 fore]
351 3437 381 3492 in
408 3436 621 3494 Grieohenland.
651 3469 683 3477 -
738 3439 885 3506 bestdrmt,
903 3456 951 3492 um
965 3437 1077 3493 Ciceros
1091 3438 1242 3493 ltdclrlrehr
1261 3456 1295 3492 zu

120 3511 196 3580 qood
209 3509 299 3581 potes]
314 3509 370 3564 Der
383 3507 527 3563 Indikativ
540 3526 596 3564 ron
605 3524 685 3579 posse
737 3508 894 3577 beelmon,
913 3508 971 3563 und
991 3525 1022 3564 er
1039 3510 1120 3564 horte
1138 3510 1219 3564 nicht
1236 3510 1293 3576 auf,

122 3582 163 3635 im
204 3580 458 3635 besohrtnkenden
494 3579 575 3634 Setae
611 3581 685 3635 nach
738 3579 798 3635 sich
820 3581 866 3634 fiir
889 3580 985 3634 seinen
1003 3579 1242 3649 Sohwiegervater
1260 3597 1293 3633 au

120 3653 194 3722 quod
213 3651 283 3706 oder
301 3651 345 3720 (ll.
360 3655 402 3705 24.
417 3653 445 3718 2)
461 3652 534 3720 quod
550 3652 622 3705 aas:
642 3650 683 3704 ‘in
736 3652 885 3706 bemr'ihen.
930 3650 968 3704 Er
1000 3651 1077 3705 starb
1105 3668 1156 3705 vor
1183 3650 1293 3705 Ciceros

126 3723 247 3777 soweit'.
262 3754 298 3763 -
311 3721 479 3793 Brundisio]
497 3723 553 3775 Der
566 3720 699 3787 Ablativ*
734 3722 894 3777 Rfiokkehr.
940 3720 993 3776 Pro
1026 3723 1056 3776 P.
1084 3721 1155 3776 Soet.
1178 3725 1221 3776 31.
1246 3727 1293 3776 68:

121 3810 172 3847 zur
194 3793 391 3862 Bezeiohnung
418 3793 468 3848 des
493 3794 587 3862 ortes,
616 3808 682 3846 von
735 3793 817 3862 Piso,
834 3809 915 3863 persor
931 3809 1014 3860 meus,
1033 3794 1080 3848 oui
1097 3793 1218 3859 fractum
1232 3794 1294 3861 pie-

119 3881 167 3921 wo
185 3865 236 3920 der
254 3863 333 3919 Brief
348 3864 531 3934 geschrieben
550 3864 654 3919 wurde.
735 3867 803 3918 totis
824 3880 890 3918 suae
908 3880 993 3932 oreque
1010 3880 1044 3918 ea
1060 3879 1102 3918 rue
1119 3879 1204 3932 neque
1222 3881 1240 3917 o
1258 3864 1291 3918 P.

156 3936 248 3991 Error.
268 3935 302 3991 ll.
323 3939 394 4003 (696.
414 3936 468 4003 58.)
736 3934 772 3988 R.
790 3936 861 4000 ferre
879 3935 965 3988 licuit.
989 3933 1293 4003 Vgl.Br.12Vorbm.

158 4014 184 4064 1.
211 4009 270 4063 uisi
292 4008 330 4078 sc]
360 4008 592 4075 ‘ausgenommen
616 4005 683 4070 (den
735 4035 769 4045 -
790 4006 829 4059 Ia
851 4006 930 4060 nouis
952 4005 1014 4060 trib.
1035 4004 1087 4075 pt]
1127 4003 1178 4059 Die
1201 4021 1292 4060 neuen

120 4077 195 4148 Poll)
210 4079 313 4134 wenn'.
333 4078 400 4132 Nisi
413 4076 452 4130 ist
466 4074 495 4129 in
509 4076 600 4131 dieser
613 4075 682 4130 Ver·
736 4075 877 4130 Tribunen
902 4074 948 4129 fiir
973 4076 999 4129 d.
1021 4076 1047 4132 J.
1067 4080 1117 4131 697
1145 4078 1177 4145 (s.
1206 4075 1291 4147 Einl.)

120 4149 250 4219 bindung
289 4167 353 4204 aum
387 4145 561 4202 Aduerbium
597 4147 681 4217 abge·
735 4148 834 4201 hatten
848 4147 1043 4216 versprochen‚
1057 4148 1103 4201 fiir
1116 4146 1227 4203 Ciceros
1237 4149 1292 4203 Zu-

123 4219 280 4287 schwtcht,
304 4220 359 4275 wie
384 4219 456 4274 auch
474 4218 504 4271 in
521 4219 579 4272 uiri
596 4223 628 4271 ut
646 4243 680 4263 =
734 4217 944 4288 rfiokberufung
971 4237 1005 4273 zu
1030 4217 1165 4273 arbeiten.
1189 4250 1223 4260 -
1246 4236 1291 4275 oo·

121 4291 215 4345 ausser
248 4290 340 4345 demit
365 4308 394 4344 u.
415 4294 441 4343 a.
464 4319 498 4329 -
521 4289 680 4360 fuissemus]
734 4289 828 4344 luntas
850 4290 913 4359 erit]
939 4289 1062 4345 ntmlich
1083 4291 1173 4360 firma.
1209 4290 1292 4345 Pom·

121 4362 147 4416 d.
166 4362 194 4417 h.
221 4361 328 4417 sowohl
346 4361 407 4429 ich,
431 4358 473 4413 als
491 4358 549 4429 die,
574 4361 680 4415 welche
733 4360 815 4429 pejus
845 4378 904 4415 war
935 4361 985 4416 der
1017 4363 1126 4432 einaige
1152 4378 1208 4417 ron
1236 4363 1293 4416 den

122 4430 177 4485 mir
194 4451 243 4487 aur
260 4432 363 4487 Fluoht
381 4434 506 4502 gersten.
734 4431 908 4501 Triumvirn,
931 4433 982 4487 auf
996 4434 1123 4490 walchen
1142 4451 1185 4501 er,
1208 4448 1292 4487 wenn
