2998 4956
507 284 543 339 M.
564 283 718 339 TULLIUS
738 283 875 339 CICERO.
1010 363 1015 373 .
1235 285 1277 349 47

100 445 274 509 nobiseum
306 445 441 510 iocatur.
492 446 597 523 Quare
630 447 671 511 da
703 468 848 531 operam,
880 451 918 512 ut
949 445 1036 511 hunc
1064 448 1177 533 talem,
1209 452 1276 513 tam

101 533 290 619 iucundum,
312 538 381 598 tam
404 534 615 599 excellentem
638 536 743 600 virum
767 536 875 601 rideas
895 558 993 620 quam
1011 537 1161 619 primum.
1190 536 1318 602 Nam4

102 622 183 705 quid
206 642 266 706 ego
291 621 329 687 de
348 621 478 688 Bruttio
502 622 629 688 dicam?
652 645 747 707 quem
770 625 859 690 nullo
883 628 1030 708 tempora
1054 647 1073 688 a
1096 647 1148 689 me
1171 625 1279 709 patior

104 710 279 794 discedere,
298 711 388 775 cuius
408 733 481 776 cum
500 712 588 797 frugi
607 734 781 796 severaque
800 716 851 777 est
869 714 949 794 vita,
967 716 1039 777 tum
1054 714 1152 778 etiam
1165 714 1277 779 iucun-

105 799 242 864 dissima
270 800 445 884 convictis,
473 821 540 865 non
568 805 618 865 est
646 802 732 865 enim
756 801 921 866 seiunctus
944 802 1033 866 iocus
1058 825 1077 867 a
1099 805 1279 888 ‹palolopip

104 892 138 951 et
167 888 330 953 cotidiana
359 890 540 973 συζητήσει.
585 888 671 955 Huic
694 911 754 972 ego
779 891 889 955 locum
912 890 945 953 in
969 891 1116 974 proximo
1140 891 1279 955 conduxi

103 979 152 1060 et,
181 979 218 1040 ut
244 999 393 1060 possum,
421 1000 460 1042 ex
488 978 568 1042 meis
597 979 756 1063 angustiis
784 979 873 1042 illius
901 983 1049 1043 sustento
1077 980 1278 1044 tenuitatem.

102 1064 279 1129 Praeterea
310 1066 517 1130 declamitare
544 1065 665 1131 Graece
698 1067 784 1149 apud
812 1066 961 1132 Cassium
988 1067 1130 1150 institui3
1161 1067 1318 1132 Latineb

103 1163 216 1218 autem
254 1154 340 1237 apud
372 1153 537 1219 Bruttium
575 1156 714 1220 exerceri
746 1157 829 1221 volo.
883 1153 967 1220 Utor
997 1155 1214 1220 familiaribus
1247 1161 1279 1221 et

104 1242 279 1306 cotidianis
308 1244 563 1325 convictoribus,
592 1265 673 1328 quos
700 1266 807 1309 secum
832 1243 1001 1327 Mytilenis
1026 1242 1200 1328 Cratippus
1224 1244 1278 1309 ad·

104 1330 208 1413 duxit,
230 1331 416 1395 hominibus
441 1335 474 1396 et
497 1332 599 1397 doctis
623 1336 655 1396 et
673 1333 722 1397 illi
741 1332 990 1416 probatissimis.
1019 1332 1158 1397 Multum
1178 1332 1279 1397 etiam

101 1441 231 1484 mecum
260 1423 309 1484 est
332 1419 515 1506 Epicrates,
542 1421 693 1504 princeps
717 1421 979 1505 Atheniensium,
1007 1425 1040 1486 et
1054 1420 1221 1503 ,Leonides
1245 1425 1279 1485 et

100 1508 221 1573 horum
246 1509 345 1573 ceteri
368 1510 499 1573 similes.
536 1509 584 1573 Τὰ
607 1505 669 1593 μὲν
693 1503 756 1574 οὖν
773 1503 848 1575 καθ’
868 1508 953 1592 ἡμᾶς
970 1509 1058 1576 adds.
1090 1509 1139 1573 De
1158 1509 1317 1595 sorgiac

102 1599 214 1661 autem
237 1598 324 1680 quod
347 1597 428 1662 mihi
452 1598 579 1681 scribis,
605 1603 675 1662 erat
698 1599 828 1683 quidem
850 1599 904 1662 ille
928 1600 962 1662 in
985 1598 1151 1663 cotidiana
1173 1598 1278 1663 decla·

101 1686 248 1750 matione
280 1687 386 1770 utilis,
419 1686 475 1750 scd
508 1686 618 1751 omnia
648 1688 834 1771 postposui,
867 1687 942 1751 dum
971 1687 1067 1752 modo
1096 1687 1278 1771 praeceptis

98 1775 206 1858 patris
229 1796 390 1859 parerem,
415 1773 601 1861 deaddridpu
625 1776 711 1839 enim
730 1777 914 1858 scripserat,
936 1781 973 1840 ut
991 1798 1065 1840 eum
1084 1776 1279 1840 dimitterem

100 1862 230 1928 statim:
258 1863 468 1949 tergiversari
490 1865 593 1947 nolui,
618 1885 659 1928 ns
683 1886 756 1927 maa
782 1865 884 1929 nimia
907 1865 1037 1947 σπουδὴ
1061 1864 1279 1946 suspicionem

100 1952 132 2014 ei
165 1951 310 2037 aliquam
338 1953 544 2036 importaret,
576 1952 691 2017 deinde
718 1952 798 2016 illud
826 1954 926 2017 etiam
953 1953 1035 2017 mihi
1062 1954 1279 2033 succurrebat,

101 2061 203 2125 grave
226 2061 297 2104 esse
319 2058 372 2104 me
396 2041 434 2105 de
453 2041 573 2106 iudicio
591 2041 696 2124 patris
714 2041 869 2124 iudicara;
893 2045 985 2105 tuum
1004 2045 1116 2105 tamen
1134 2041 1279 2105 studium

102 2132 138 2192 et
161 2129 335 2193 consilium
358 2133 488 2213 gratum
512 2133 744 2214 acceptumque
767 2133 817 2194 est
840 2128 930 2194 mihi.

191 2217 444 2282 Excusationem
463 2219 689 2303 angustiarum
709 2219 757 2282 tui
771 2218 927 2303 tcmporis
942 2217 1079 2302 accipi05
1098 2217 1165 2283 scio
1180 2218 1275 2301 enim,
1295 2217 1315 2280 'i

100 2328 202 2390 quam
226 2307 331 2370 soleas
355 2328 425 2372 essa
450 2310 633 2390 occupatus.
673 2306 803 2372 Emissa
825 2312 859 2372 te
881 2306 1050 2391 praedium
1074 2306 1279 2371 vehementer

101 2395 232 2479 gaudeo
256 2394 455 2481 feliciterque
479 2396 541 2460 tibi
563 2417 631 2459 rem
654 2396 752 2460 istam
777 2396 906 2461 evenire
929 2398 1034 2479 cupio,
1053 2431 1095 2442 -
1115 2394 1187 2460 Hoc
1205 2395 1279 2459 loco

100 2505 155 2548 me
179 2483 242 2547 tibi
265 2485 425 2567 gratulari
447 2484 515 2548 noli
533 2484 658 2567 mirari3
682 2484 794 2549 eodem
813 2485 900 2549 enim
919 2485 986 2549 fere
1004 2485 1076 2549 loco
1095 2487 1133 2548 tu
1152 2504 1279 2568 quoque

100 2572 221 2636 emisse
253 2575 286 2636 te
319 2573 425 2638 fecisti
457 2594 509 2637 me
543 2573 722 2638 certiorem.
748 2609 787 2620 -
812 2572 937 2656 Habes,
975 2572 1183 2656 deponendae
1215 2573 1277 2636 tibi

99 2663 180 2725 sunt
202 2661 417 2746 urbanitates3
440 2662 581 2727 rusticus
599 2662 767 2727 Romanus
790 2662 896 2726 factus
921 2683 964 2726 es.
975 2725 989 2757 o
1002 2661 1073 2736 Quo
1097 2661 1192 2725 modo
1216 2681 1278 2745 ego

98 2749 184 2813 mihi
211 2771 295 2814 nunc
325 2753 401 2814 ante
429 2750 541 2815 oculos
565 2754 659 2816 tuum
682 2750 950 2815 iucundissimum
973 2754 1183 2833 conspectum
1204 2770 1280 2832 pro·

137 2964 164 3012 4.
178 2956 440 3029 Bruttio]Bruttius
450 2958 508 3012 und
519 2959 663 3013 derunten
717 2958 849 3025 bestand3
868 2973 999 3012 eacusare
1016 2957 1126 3026 aliquid
1140 2983 1174 3002 =
1189 2958 1278 3010 etwas

99 3031 245 3099 genannte
257 3028 472 3084 Cassiuswaren
480 3029 591 3096 Rdmer,
606 3045 663 3085 von
717 3047 766 3082 aur
780 3027 1028 3098 Entschuldigung
1046 3027 1193 3095 anfrihren,
1213 3045 1234 3083 a.
1246 3028 1276 3080 R

100 3102 194 3155 denen
213 3102 262 3156 der
281 3105 386 3155 cratero
405 3099 595 3169 sammarth,
614 3101 664 3154 der
717 3116 846 3155 eacusare
864 3101 1016 3168 aupustias.
1032 3131 1063 3139 —
1080 3099 1143 3153 Hoc
1157 3099 1226 3169 iaco]
1242 3115 1279 3152 an

99 3173 208 3226 andere
249 3170 463 3226 Bercdsamlreit
502 3172 532 3225 in
569 3171 665 3225 Athen
718 3171 810 3225 dieser
835 3170 922 3224 Stelle
948 3170 997 3225 des
1020 3168 1127 3224 Briefes
1150 3171 1221 3224 statt
1245 3186 1279 3223 au

99 3243 204 3297 lehrte.
224 3273 258 3283 —
277 3242 426 3314 anqustiis]
451 3259 507 3296 von
526 3243 590 3296 dem
608 3257 663 3295 we·
716 3242 836 3311 Anfang.
861 3272 894 3282 —
919 3241 1026 3313 Habes]
1057 3242 1110 3307 ist,
1147 3241 1200 3295 wie
1232 3239 1279 3294 die

99 3315 189 3384 nigen
210 3315 257 3384 (t),
280 3330 338 3369 was
363 3313 413 3368 der
432 3311 520 3368 Vater
536 3313 596 3367 ihm
614 3314 663 3368 be·
717 3329 805 3381 ganzo
847 3311 951 3380 Stella,
997 3316 1059 3367 eine
1103 3310 1279 3366 scherabafte

99 3385 218 3454 willigt.
718 3383 865 3439 Neckerci.
884 3382 951 3438 Dals
966 3385 1037 3437 auch
1047 3383 1113 3437 Tiro
1128 3383 1174 3437 bei
1188 3384 1279 3437 seiner

140 3464 166 3511 ὃ,
207 3455 370 3526 Epicrates]
412 3455 458 3509 ein
499 3455 666 3508 vornehmer
718 3453 882 3524 Mitteilung
896 3455 1050 3523 gescherzt,
1064 3452 1278 3523 zeigtdassolg.

99 3525 229 3580 Athener
252 3528 355 3596 (priua
375 3526 500 3592 Athea),
521 3525 574 3580 wie
593 3527 664 3580 auch
718 3542 802 3594 acque
819 3542 853 3579 ac
871 3531 903 3579 tu
920 3526 1004 3580 doleo.
1030 3526 1070 3578 Zu
1083 3525 1164 3579 babes
1228 3524 1278 3575 ‘du

98 3597 254 3664 Leonides,
288 3599 337 3650 der
362 3597 432 3673 ,dem
458 3595 547 3650 Vater
574 3598 664 3666 regel·
718 3594 792 3664 hast,
811 3596 855 3650 bis
870 3595 945 3664 jetat
963 3595 1110 3663 Besitaer’,
1128 3594 1185 3663 vgl.
1199 3593 1278 3647 Fam.

98 3668 207 3736 massig
225 3669 294 3722 iiber
313 3669 367 3721 den
382 3668 492 3736 jungen
506 3666 602 3722 Cicero
617 3669 664 3720 be·
717 3666 776 3721 Vll.
787 3673 830 3734 29,
845 3684 888 3722 wo
905 3666 1003 3721 Curius
1018 3683 1055 3720 an
1070 3665 1125 3720 Cic.
1140 3662 1279 3718 schreibt:

98 3738 236 3805 richtete,
259 3740 327 3794 aber
345 3739 450 3792 seinem
469 3738 545 3793 Lobe
564 3736 665 3791 immer
718 3739 770 3791 illa
796 3743 892 3792 uestra
913 3738 1087 3806 praedicatio
1110 3735 1209 3804 quasti
1230 3739 1279 3801 est,

98 3808 241 3878 beifugte:
270 3812 401 3878 quomodo
423 3826 499 3864 auae
522 3814 575 3874 est,
598 3809 666 3863 oder
718 3825 777 3875 uos,
786 3811 858 3879 quod
867 3811 952 3863 simus
960 3807 1153 3875 (Cicerobatta
1161 3807 1278 3859 ihnver-

53 3889 57 3893 '
98 3880 200 3936 Maur.
224 3880 294 3947 (Att.
313 3880 387 3934 XIV.
403 3887 445 3936 16.
464 3878 524 3934 XV.
540 3880 593 3949 16).
718 3879 842 3948 teidigt),
860 3881 932 3948 quod
950 3880 1096 3933 habeamus
1111 3876 1196 3942 (mein
1211 3875 1278 3927 Ver·

138 3957 165 4006 6.
201 3951 247 4006 De
283 3951 400 4022 Gorpia]
437 3949 465 4004 S.
501 3951 597 4005 Vrbm.
631 3979 664 3991 -
719 3951 840 4018 mdgen),
860 3951 933 4018 quod
951 3950 1071 4003 homiues
1084 3948 1279 4013 existimemur,

99 4019 391 4092 saoudri]‘Neigung'
403 4020 570 4087 auGorgias.
586 4022 665 4075 Auch
718 4021 750 4075 id
781 4036 858 4074 omae
889 4021 938 4074 ads
964 4025 989 4074 ie
1016 4018 1120 4073 babere.
1162 4016 1218 4071 Cic.
1247 4016 1278 4069 in

99 4092 158 4149 Cic.
188 4094 304 4148 bedient
332 4093 391 4146 sich
414 4092 473 4146 Att.
493 4091 565 4146 XIII.
584 4097 663 4146 tm
719 4090 911 4159 denFmgm:
930 4091 979 4159 qui
996 4090 1084 4155 babet,
1102 4088 1175 4142 ultro
1194 4104 1277 4156 appe-

99 4165 192 4220 dieses
224 4182 265 4232 gr.
296 4164 418 4217 Wortes.
446 4192 480 4203 -
506 4163 662 4232 consilium]
719 4163 802 4227 titrur,
828 4163 877 4229 qui
900 4168 938 4215 esi
958 4176 1079 4229 pauper,
1103 4167 1276 4228 asperantur.

97 4235 154 4290 mit
187 4234 306 4305 Gorgias
337 4234 441 4288 keinen
469 4232 600 4302 Umgang
631 4249 665 4284 zu
720 4231 756 4286 So
775 4248 852 4286 amor
869 4233 995 4287 habendi.
1019 4229 1278 4300 Hor.ep.l.*1.85.

97 4308 219 4376 pflegen.
718 4300 1279 4371 Virg.Aen.VlIl.3·27.-Quourodoetc.}

136 4382 161 4433 7.
181 4376 388 4447 aupustr'arum]
408 4375 476 4431 Gen.
498 4374 599 4443 object.
616 4391 666 4427 aur
718 4373 875 4428 BeiCicero
888 4375 943 4428 sibi
952 4389 1104 4443 propium
1117 4372 1199 4438 (ohne
1214 4377 1279 4426 aute

98 4447 228 4519 Angabe,
248 4448 339 4503 worin
357 4447 404 4502 die
418 4446 665 4517 Entschuldigung
718 4447 769 4514 oc.)
797 4446 865 4501 oder
892 4451 956 4501 aute
980 4445 1070 4500 oculos
1089 4461 1169 4514 prop.
1193 4444 1278 4511 (ohne
