2998 4956
521 264 714 320 TERENTIA.
751 263 893 320 TULLII.
1250 266 1294 331 33

112 429 183 494 alia
205 429 240 492 in
263 428 396 494 fortuna
419 432 513 511 esset,
537 431 635 512 atque
659 429 728 493 aius
751 430 858 512 pietas
880 451 917 494 ac
937 429 1078 514 dignitas
1097 431 1295 513 postulabat

114 516 223 582 Nobis
252 522 321 582 erat
348 517 383 582 in
410 518 519 582 animo
543 516 729 582 Ciceronem
754 518 794 581 ad
817 515 991 583 Caesarem
1014 519 1142 582 mittere
1166 522 1294 583 etcum

5 648 7 677 ;
117 627 156 670 eo
177 603 234 671 Cn.
250 604 454 671 Sallustiumz
479 607 507 670 si
525 606 689 689 profectus
708 606 782 690 erit,
807 605 926 671 faciam
944 610 977 670 ta
996 608 1176 672 certiorem.
1199 605 1295 671 Vale·

54 695 56 698 ’
114 694 262 759 tudinem
284 699 374 760 tuam
398 717 476 760 cura
499 695 679 781 diligenter.
716 693 808 760 Vale.
849 714 932 760 xvn.
950 694 988 760 Κ.
1008 694 1160 771 Quinctil

588 943 765 1008 uersuum
787 942 826 1009 X.

553 1065 608 1135 (aa
626 1066 692 1119 fam.
711 1064 783 1120 xiv.
806 1067 858 1134 ιε.)

463 1188 619 1244 TULLIUS
639 1188 665 1243 S.
680 1189 713 1243 D.
728 1187 949 1245 TERENTIAE.

209 1314 245 1380 Si
267 1316 366 1399 vales,
389 1315 471 1380 bene
495 1319 554 1381 est.
589 1314 878 1394 Constitueramus,
900 1319 937 1380 ut
961 1315 1001 1380 ad
1024 1318 1056 1379 te
1081 1319 1176 1381 antea
1195 1318 1294 1401 scrip·

116 1426 233 1488 seram,
256 1404 386 1469 obviem
406 1402 594 1469 Ciceronem
613 1402 746 1470 Caesari
764 1405 904 1488 mittere,
928 1405 982 1469 sed
1002 1406 1199 1470 mutavimus
1218 1428 1294 1471 con·

117 1493 239 1576 silium,
272 1493 348 1576 quia
376 1494 415 1557 de
442 1494 529 1557 illius
558 1493 697 1558 adventu
723 1493 808 1558 nihil
836 1493 1055 1559 audiebamus.
1101 1493 1150 1558 De
1178 1497 1292 1560 ceteris

115 1582 228 1663 rebus,
257 1582 318 1646 etsi
346 1581 429 1645 nihil
452 1586 522 1646 arat
544 1583 634 1664 nori,
661 1587 784 1665 tamen,
812 1582 888 1666 quid
912 1582 1049 1647 velimus
1074 1585 1106 1646 at
1129 1583 1293 1667 quidhoc

113 1673 263 1753 tempore
285 1673 436 1753 putemus
460 1693 542 1754 opus
565 1692 645 1755 esse,
668 1694 707 1735 ex
726 1669 819 1736 Sicca
841 1671 964 1756 poteris
983 1691 1185 1755 cognoscere.
1217 1671 1292 1737 Tul-

115 1758 196 1822 liam
221 1759 325 1824 adhuc
348 1780 472 1823 mecum
496 1763 600 1824 teneo.
642 1759 873 1825 Valetudinem
896 1763 988 1824 tuam
1011 1782 1089 1825 eura
1111 1760 1292 1845 diligenter.

113 1845 209 1912 Vale.
249 1866 309 1911 ΧΠ.
328 1846 367 1913 Κ.
387 1846 540 1923 Quinctil.

576 2041 756 2107 Errsruna
778 2040 835 2105 XI.

550 2160 606 2231 (Ad
623 2161 689 2216 fam.
709 2159 782 2215 XIV.
801 2163 858 2231 20.)

452 2282 605 2340 TULLIUS
625 2283 836 2340 TERENTIAE
856 2284 957 2340 SUAE.

206 2412 246 2476 Iu
279 2412 499 2477 Tusculanum
535 2433 595 2476 nos
633 2415 789 2477 venturos
823 2417 976 2496 putamus
1009 2418 1066 2479 aut
1097 2412 1203 2479 Nonis
1235 2419 1293 2480 aut

115 2501 282 2586 postridie.
321 2499 372 2565 lbi
395 2506 433 2565 ut
455 2501 522 2565 sint
545 2501 654 2565 omnia
677 2505 807 2585 parata3
830 2501 940 2586 plures
964 2503 1050 2567 anim
1073 2503 1214 2569 fortasse
1237 2526 1293 2568 no

116 2592 244 2655 hiscum
259 2594 354 2654 amnt
367 2594 409 2674 et,
427 2593 464 2654 ut
478 2589 627 2671 arbitror,
647 2589 768 2654 diutius
783 2591 830 2654 ibi
844 2593 1125 2656 commorabimur.
1150 2592 1292 2657 Labrum

116 2682 147 2743 si
169 2678 204 2742 in
226 2679 356 2743 balineo
376 2696 442 2742 non
461 2681 520 2758 ast,
542 2682 581 2742 ut
598 2679 655 2760 sit3
679 2680 758 2742 item
775 2682 891 2760 cetera,
916 2700 998 2762 quae
1017 2680 1152 2744 suntad
1170 2681 1293 2744 victum

114 2770 151 2832 et
175 2767 215 2831 ad
238 2767 456 2832 valetudinem
479 2765 669 2830 necessaria.
712 2765 805 2830 Vale.
850 2766 890 2830 K.
914 2766 984 2830 Oet.
1008 2767 1047 2830 de
1071 2766 1248 2832 Venusino.

600 3014 814 3023 ———-

612 3206 803 3272 TULLIA.

210 3356 312 3416 Tullia
334 3373 397 3415 war
420 3373 469 3413 am
492 3356 521 3416 5.
544 3354 623 3431 Aug.
650 3357 689 3415 79
715 3353 787 3415 oder
811 3357 852 3415 78
875 3355 1015 3432 gaboran.
1062 3354 1209 3415 Geistvoll
1232 3354 1294 3414 und

117 3446 348 3521 anspruchslos,
375 3463 438 3503 war
462 3443 506 3502 sia
529 3443 577 3502 die
600 3444 716 3502 Fraude
740 3443 792 3504 das
814 3443 937 3520 Vaters,
961 3445 1068 3503 desseu
1090 3443 1239 3503 Ebenbild
1262 3444 1294 3502 in

119 3534 260 3610 Gasicbt,
287 3533 418 3609 Sprache
445 3532 508 3591 und
531 3531 715 3607 Gesinnung.
761 3531 807 3590 Im
835 3533 864 3592 J.
888 3534 929 3593 63
957 3532 1058 3591 finden
1085 3532 1140 3590 wir
1164 3532 1206 3591 sia
1228 3551 1294 3594 rar·

118 3623 251 3682 heiratet
282 3622 339 3681 mit
371 3619 402 3680 C.
426 3620 606 3697 Calpurnius
639 3621 708 3680 Piso
740 3620 847 3697 Frugi,
885 3622 982 3680 einem
1014 3620 1122 3680 Manna
1155 3638 1209 3678 aus
1243 3638 1292 3678 an-

117 3713 299 3788 gasebeuem
319 3709 522 3785 Gascblacbta,
541 3709 594 3768 dar
612 3709 775 3768 basonders
794 3710 936 3769 wahrand
955 3707 1074 3769 Ciceros
1088 3707 1295 3784 Verbannung

118 3801 174 3860 dar
196 3800 323 3859 Familia
350 3801 420 3858 trau
447 3818 500 3857 zur
523 3797 604 3856 Seite
632 3797 721 3856 stand
749 3792 835 3876 (az.
859 3797 883 3857 Ι.
907 3800 936 3857 2.
962 3788 1019 3878 2.),
1047 3797 1119 3855 aber
1141 3795 1217 3855 noch
1240 3815 1294 3856 vor

117 4020 168 4074 eoo
185 4005 270 4059 valeo.
288 4034 322 4043 -
343 4002 497 4058 Ciceronem
516 4043 522 4055 .
539 4042 545 4055 .
564 4001 678 4072 mittere]
772 3999 971 4069 Tusculanum]
1003 3997 1060 4052 Das
1088 3997 1146 4052 Gat
1174 3999 1222 4068 lag
1248 3999 1295 4054 bei

118 4094 167 4130 nm
181 4074 228 4129 itur
242 4075 297 4129 den
307 4075 394 4129 Vatcr
405 4072 581 4141 Varzaihung
595 4089 680 4126 zuar·
735 4070 888 4124 Tusculum
906 4071 937 4124 in
950 4070 1064 4123 Latium
1082 4068 1141 4123 und
1160 4086 1219 4124 war
1236 4087 1293 4125 von

116 4147 221 4202 bittan.
242 4177 274 4185 -
295 4145 470 4215 Sallustium]
491 4145 517 4198 S.
538 4161 559 4197 a.
577 4142 598 4198 I.
615 4148 639 4197 1.
655 4148 679 4196 6.
735 4141 831 4197 Cicero
863 4139 917 4196 mit
943 4140 1186 4196 unermr'idlichem
1214 4139 1293 4195 Eifar

117 4254 121 4258 -
156 4215 247 4271 Emer.
266 4215 313 4271 XI.
352 4221 423 4284 (707.
443 4216 498 4285 47.)
529 4212 586 4268 Der
604 4212 683 4268 Brief
733 4214 914 4268 verscbtnart
932 4212 1054 4268 worden.
1069 4212 1159 4266 -ibi
1175 4217 1208 4285 apt
1224 4213 1294 4283 siut]

67 4309 71 4315 ·
118 4288 159 4342 ist
183 4287 234 4341 auf
254 4287 305 4340 der
324 4286 407 4341 Iteisa
425 4303 481 4341 von
498 4284 679 4338 Brundisium
733 4285 786 4339 mit
799 4283 975 4354 Auslassung
992 4301 1048 4339 von
1066 4300 1142 4339 cura.
1170 4281 1294 4337 Ahnlich

118 4359 193 4413 nach
213 4357 278 4412 dem
297 4357 485 4412 Tusculanum
502 4356 543 4410 im
562 4354 679 4410 Gabiate
733 4356 796 4410 wir:
826 4354 899 4410 ‘dass
926 4355 1001 4409 dann
1024 4356 1089 4410 dort
1112 4353 1182 4410 allas
1204 4353 1295 4410 berait

118 4445 175 4483 von
194 4428 319 4483 Venusia
336 4426 526 4498 gaschriaban.
731 4427 789 4482 ist'.

174 4528 268 4570 Ciceros
281 4538 380 4577 ausgcw.
394 4527 479 4569 Ertaia.
507 4526 526 4568 5.
540 4525 601 4568 Aufl.
1065 4521 1081 4568 3
