2998 4956
223 295 268 359 42
621 293 690 349 ure.
709 295 729 347 1.
765 291 877 365 uersa.
898 297 1012 347 14-16.

221 458 331 522 minus
350 457 540 540 poterimus,
559 478 656 541 quam
676 455 829 539 volemus,
848 455 1030 520 animorum
1045 458 1154 519 tamen
1170 453 1400 519 coniunctione
1490 490 1491 495 κ

223 546 401 629 iisdemque
436 545 551 610 studiis
583 546 631 610 ita
664 543 820 627 fruemur,
856 548 893 607 ut
924 565 1100 628 numquam
1131 564 1199 608 non
1230 565 1295 608 una
1328 564 1400 608 esse
1491 628 1492 631 Ἴ

223 634 398 700 videamur.

672 825 851 892 Errsrunn
877 824 949 891 XV.

686 947 749 1016 (Ad.
763 946 831 1002 fam.
837 947 871 1003 V.
883 948 936 1016 14.)

436 1070 467 1128 L.
485 1069 662 1127 Lucceius
684 1072 716 1137 Q.
736 1071 766 1125 F.
787 1073 814 1127 S.
834 1071 866 1127 D.
886 1070 923 1128 M.
944 1069 1077 1125 TULLIO
1095 1071 1133 1125 M.
1152 1070 1183 1126 F.

190 1202 208 1266 1
315 1195 346 1262 S.
369 1219 397 1261 u.
422 1198 452 1261 b.
476 1219 502 1261 e.
524 1220 568 1282 u,
596 1198 680 1262 sicut
703 1199 805 1281 soleo,
833 1196 964 1280 paululo
990 1200 1101 1260 tamen
1124 1195 1223 1260 etiam
1247 1196 1401 1280 deterius,
1491 1178 1492 1209 ³

226 1308 323 1371 quam
350 1288 448 1351 soloe.
495 1286 541 1350 Te
569 1286 722 1371 requisivi
751 1286 894 1370 saepius,
921 1290 958 1349 ut
985 1285 1141 1349 videremr
1168 1283 1292 1349 Romae
1322 1287 1400 1370 quia

224 1380 339 1458 postea
361 1397 428 1439 non
451 1375 553 1455 fuisti,
577 1396 674 1458 quam
697 1397 716 1438 a
739 1397 790 1439 me
814 1374 1019 1456 discesseras,
1042 1374 1179 1437 miratus
1203 1395 1289 1459 sum,
1312 1375 1401 1457 quod
1491 1444 1492 1447 ,

223 1464 310 1528 idem
329 1486 415 1528 nunc
433 1463 543 1528 miror.
571 1462 647 1527 Non
666 1463 772 1529 habeo
791 1466 924 1546 certum,
943 1483 1023 1548 quae
1042 1465 1145 1526 teres
1164 1460 1240 1526 hinc
1259 1462 1400 1527 maxime

223 1552 378 1617 retrahat.
425 1549 461 1616 Si
485 1552 659 1616 solitudine
683 1551 851 1634 delectare,
874 1573 948 1615 cum
972 1550 1094 1616 scribas
1118 1554 1151 1614 et
1175 1551 1295 1635 aliquid
1319 1571 1401 1636 agas
1490 1594 1492 1641 2

224 1662 347 1724 eorum,
370 1662 507 1724 quorum
533 1642 704 1723 consuesti,
728 1640 853 1726 gaudeo
871 1661 975 1724 neque
994 1639 1192 1722 reprehendo
1210 1643 1304 1703 tuum
1324 1661 1401 1704 con·

224 1730 348 1811 silium3
371 1751 448 1793 narn
471 1729 554 1793 nihil
577 1730 641 1793 isto
661 1733 858 1812 potestesse
877 1728 1046 1793 iucundius
1065 1749 1132 1791 non
1151 1728 1248 1792 modo
1268 1729 1399 1792 miseris

223 1817 276 1881 his
304 1818 504 1902 temporibus
533 1822 566 1881 et
592 1819 764 1898 luctuosis,
792 1819 848 1882 sed
877 1818 974 1882 etiarn
1004 1817 1189 1900 tranquillis
1212 1821 1245 1881 et
1268 1817 1401 1902 optatis,

226 1907 419 1990 praesertim
457 1906 509 1970 vel
545 1908 654 1971 animo
691 1906 872 1992 defatigato
904 1910 975 1990 tue,
1013 1906 1069 1989 qui
1099 1927 1185 1969 nune
1217 1907 1398 1990 requietem

224 2000 360 2078 quaerat
392 2017 431 2059 ex
463 1994 592 2079 magnis
623 1995 904 2078 occupationibus,
935 1994 988 2058 uel
1017 1992 1155 2076 erudito,
1188 1994 1243 2077 qui
1271 2015 1401 2079 semper

226 2082 348 2167 aliquid
377 2105 416 2148 ex
443 2104 478 2147 se
501 2089 644 2168 promat,
671 2085 758 2169 quod
781 2085 863 2148 alios
888 2082 1039 2165 delectet,
1066 2083 1223 2165 teipsum
1246 2082 1399 2147 laudibus

186 2156 385 2236 2in1ustree.
445 2168 502 2235 Sin
540 2177 662 2256 autem,
704 2173 788 2237 sicut
823 2171 900 2236 hine
935 2171 1143 2253 discesseras,
1180 2171 1322 2236 lacrimis
1359 2192 1399 2236 ac

223 2261 377 2324 tristitiae
396 2262 429 2324 te
446 2258 623 2343 tradidisti,
642 2260 745 2342 doleo,
764 2258 840 2344 quia
858 2259 948 2324 doles
967 2263 1001 2323 et
1020 2279 1153 2344 angere3
1176 2281 1243 2323 non
1260 2281 1398 2344 possum

220 2354 255 2412 te
281 2370 349 2413 non
375 2385 412 2394 -
439 2349 467 2412 si
485 2348 652 2432 concedis,
681 2349 766 2432 quod
789 2349 946 2413 sentimus
969 2351 1006 2412 ut
1027 2348 1161 2412 liberius
1185 2347 1328 2412 dieamus
1355 2383 1395 2394 -

222 2457 381 2502 accusare.
414 2434 498 2511 Quid
522 2437 628 2502 enimi
651 2440 687 2500 tu
709 2438 797 2501 solus
818 2443 930 2521 aperta
948 2459 1013 2502 non
1031 2436 1163 2519 videbis,
1189 2437 1244 2521 qui
1261 2439 1399 2521 propter

222 2545 357 2589 acumen
385 2525 603 2589 occultissima
630 2525 810 2609 perspicis?
837 2532 873 2590 tu
902 2547 968 2590 non
994 2525 1166 2608 intelleges
1194 2533 1227 2589 te
1257 2526 1397 2609 querelis

222 2614 392 2678 cotidianis
412 2613 493 2677 nihil
512 2613 693 2697 proficere?
710 2636 775 2679 non
795 2614 965 2699 intelleges
980 2613 1140 2698 duplicari
1154 2613 1398 2697 sollicitudines,

184 2703 302 2785 3quas
330 2703 454 2767 elevare
481 2706 541 2766 tua
565 2706 598 2766 te
625 2702 799 2785 prudentia
825 2703 993 2787 postulat?
1039 2700 1132 2777 Quod
1155 2702 1272 2767 sinon
1295 2704 1399 2787 possi·

221 2813 294 2856 mus
313 2791 435 2878 aliquid
453 2792 608 2875 proficere
629 2791 803 2875 suadendo,
823 2792 928 2877 gratia
947 2790 1171 2857 contendimus
1191 2793 1224 2854 et
1236 2791 1399 2876 rogando,

219 3035 660 3106 Luccejnswarhtufigleidend3
676 3036 780 3092 sauch
833 3052 949 3105 quoram
980 3036 1089 3105 aliquid
1120 3052 1197 3106 acere
1227 3040 1252 3090 ct
1281 3037 1400 3092 cuium

220 3107 299 3161 Ι.15.
317 3114 330 3161 1
350 3126 376 3161 u.
393 3106 414 3161 I.
431 3112 471 3161 16.
487 3113 512 3161 ὅ.
834 3108 974 3162 consumti.

666 3229 673 3241 ,
870 3184 895 3231 2.
918 3179 990 3233 siout
1007 3177 1071 3231 hiae
1085 3177 1256 3248 discesseras]
1277 3176 1331 3231 wie
1347 3178 1396 3246 du,
1489 3218 1490 3227 ,

256 3229 347 3283 Em·
365 3229 424 3284 XV·
448 3232 521 3299 (709·
545 3234 587 3284 45·
608 3230 695 3298 Jum.)
735 3229 780 3284 Da
834 3248 862 3302 d.
881 3249 899 3302 i,
919 3246 949 3301 in
968 3249 1018 3302 der
1036 3246 1204 3317 Stimmung,
1223 3248 1252 3301 in
1272 3246 1398 3303 welcher
1489 3300 1490 3305 ,

220 3300 318 3355 Cicero
332 3300 407 3382 noch
420 3301 521 3354 immet
532 3300 581 3383 die
596 3300 679 3383 Stadt
693 3301 777 3371 nied,
834 3319 871 3373 du
890 3336 945 3374 ,on
963 3319 1025 3373 hier
1043 3335 1198 3388 mugen,
1229 3317 1282 3372 Die
1295 3317 1397 3374 Lesatt

220 3373 352 3425 ermahnt
368 3372 419 3425 rhn
437 3370 588 3441 LucceJus,
606 3372 686 3426 nicht
704 3373 780 3426 trau·
833 3390 872 3444 ist
896 3407 968 3459 ganz
993 3390 1137 3455 unsicher,
1165 3387 1211 3443 die
1237 3389 1394 3447 Handschn
1489 3426 1490 3437 t

219 3442 299 3511 rigen
313 3442 468 3496 Gedanlren
486 3443 706 3511 nachauhtngen
719 3443 777 3496 und
834 3462 927 3529 geben
949 3461 1021 3515 ,ioue
1044 3462 1121 3515 dicas
1139 3476 1214 3515 gem
1237 3461 1304 3514 oder
1321 3463 1396 3516 mut
1489 3450 1490 3467 ¹

219 3530 268 3566 zur
282 3511 472 3568 Gesellsehaft
486 3512 715 3567 seinerFreunde
730 3532 777 3568 zu·
830 3533 948 3587 Mica„
981 3561 1015 3572 ..
1046 3548 1103 3586 ,ψῃ
1134 3530 1264 3602 Pomm]
1302 3533 1396 3601 ΑΨ.

219 3582 436 3639 riiolraulrehren.
452 3583 777 3653 DerBriefzeigtmehr·
832 3603 925 3657 dem,
971 3602 1052 3657 Dm
1082 3603 1158 3657 doleo
1189 3599 1301 3656 enthqst
1332 3601 1397 3656 eino
1489 3616 1490 3639 r

219 3655 285 3709 Μ
308 3655 370 3709 elne
395 3655 530 3722 gemble
554 3653 778 3726 Wledelh⁰lu¹¹g
831 3672 1038 3742 Einraumung‚
1061 3671 1098 3727 ist
1117 3671 1177 3727 also
1195 3672 1225 3726 in
1244 3671 1396 3727 Wahrheit
1489 3652 1490 3693 l

218 3726 367 3780 deflflfllbffl
386 3725 506 3780 Wffllffl·
830 3745 896 3799 dem
928 3744 1078 3812 folgenden
1110 3742 1306 3798 adversativen
1337 3759 1396 3798 aon

256 3820 280 3869 1.
299 3814 366 3883 quia
379 3830 436 3869 noe
448 3814 542 3884 fututa]
561 3816 629 3884 qaia
642 3814 705 3869 hier
720 3814 778 3868 und
829 3831 941 3884 pereum
960 3831 1017 3869 oon
1042 3830 1171 3869 accusare
1194 3813 1393 3881 subordiniert,

218 3886 307 3940 unten
329 3890 345 3951 ξ
363 3891 379 3938 2
402 3886 477 3939 nach
499 3886 575 3940 doleo
598 3885 644 3939 fiir
662 3886 712 3940 das
729 3903 780 3955 ge·
834 3884 967 3940 wahrend
980 3902 1010 3940 es
1025 3885 1204 3953 asyndetisch
1219 3884 1398 3940 lroordiniert·

218 3955 400 4010 brenchliche
418 3957 498 4025 quod.
515 3987 548 3997 -
568 3962 670 4012 omum
683 3956 778 4026 habeo]
832 3955 1038 4026 vorengestellt
1061 3956 1106 4010 ist.
1126 3985 1161 3996 -
1189 3961 1239 4009 tua
1261 3955 1298 4027 te]
1322 3954 1394 4011 »Die

218 4026 778 4095 Vgl.z.111.eu.1.ae,4=eiceaeeto.-
833 4025 1135 4095 Personalpronomina
1157 4027 1250 4081 treten
1272 4043 1341 4095 gern
1363 4026 1395 4081 in

218 4113 334 4164 quorum
361 4097 511 4166 comoedi]
540 4096 705 4179 Attralrtion
734 4097 780 4177 fur
834 4096 880 4150 die
920 4095 1004 4151 Mitte
1049 4097 1188 4151 awischen
1230 4100 1300 4151 zuei
1341 4113 1399 4165 eng

217 4171 779 4304 inclarescentes
832 4166 1398 4305 rcrcruuuu

217 4310 324 4373 potem
338 4306 429 4370 elatio
447 4304 495 4359 IV.
511 4311 553 4360 39.
569 4311 599 4360 9:
614 4307 778 4374 quibuapot·
831 4307 898 4373 fore.

217 4379 278 4429 cria
294 4375 399 4429 nauale
416 4377 505 4430 ductis
518 4391 607 4430 eccam
618 4417 624 4431 .
636 4414 661 4430 ..
678 4378 716 4431 od
733 4394 779 4431 ur·
869 4382 894 4430 3.
920 4375 1028 4446 aliquid
1047 4375 1192 4448 proficere]
1212 4378 1265 4432 wie
1284 4379 1396 4449 aliquid

218 4446 276 4501 bem
291 4446 392 4516 percit,
412 4461 493 4500 weun
511 4445 592 4499 nicht
609 4444 717 4516 Ellipse
735 4446 781 4501 fiir
833 4463 913 4517 acere
943 4445 1154 4518 geschlossener
1181 4448 1328 4504 Ausdruck
1355 4448 1398 4502 im
