2998 4956
229 287 272 352 58
653 284 722 341 LIB.
741 284 761 338 L
798 282 909 340 EPIST.
930 290 971 339 18.

228 453 297 514 tam
321 449 518 532 corruptrice
541 446 710 531 provincia
733 447 842 512 divina
864 447 1038 511 videantur
1059 468 1191 510 necesse
1215 448 1272 511 est.
1314 444 1408 511 Haec

228 538 392 603 institutio
418 541 515 622 atque
541 537 623 601 haec
647 536 820 620 disciplina
846 539 956 619 potest
979 536 1137 599 sustinere
1160 535 1195 599 in
1218 534 1315 599 rebus
1340 537 1405 599 sta·

228 626 357 691 tuendis
381 629 414 689 et
438 625 646 690 decernendis
671 646 742 688 earn
772 625 991 704 severitatem,
1019 646 1083 708 qua
1114 628 1151 687 tu
1178 624 1213 687 iu
1239 624 1281 688 iis
1308 624 1405 688 rebus

210 738 306 780 usus
331 736 374 797 es,
398 736 437 778 ex
460 715 579 799 quibus
601 713 778 778 nonnullas
802 714 985 777 simultates
1009 734 1082 777 cum
1105 733 1226 797 magna
1248 733 1321 776 mea
1341 713 1406 776 lao-

228 804 304 869 titia
332 808 500 887 susceptas
527 803 702 867 habemus:
731 801 795 865 nisi
822 801 907 867 forte
936 823 988 865 me
1011 800 1146 866 Paeonii
1173 802 1406 885 nesciocuius,

228 892 371 957 hominis
398 914 440 956 nc
465 890 581 956 Graeci
610 891 739 974 quidem
763 912 800 955 ac
823 889 910 974 Mysi
934 894 991 954 aut
1014 889 1156 974 Phrygis
1179 890 1301 974 potius,
1329 912 1405 973 que·

227 982 307 1046 relis
335 980 460 1045 moveri
486 984 584 1064 putas
613 983 670 1043 aut
698 980 862 1062 Tuscenii,
891 979 1034 1043 hominis
1063 979 1179 1044 furiosi
1209 1001 1246 1044 ao
1274 978 1406 1063 sordidi,

228 1071 375 1153 vocibus,
411 1069 501 1134 ouius
531 1072 567 1132 tu
598 1090 637 1132 ex
669 1067 897 1151 impurissimis
926 1068 1076 1132 faucibus
1107 1067 1405 1133 inhonestissimam

228 1158 439 1242 cupiditatem
463 1157 611 1242 eripuisti
634 1178 762 1221 summa
784 1178 857 1221 cum
881 1157 1053 1241 aequitate.

172 1249 217 1313 20
315 1246 390 1312 VII.
430 1245 521 1311 Haec
549 1249 582 1310 et
609 1249 716 1310 cetera
743 1246 841 1328 plena
868 1246 1065 1329 severitatis,
1093 1267 1175 1328 quae
1204 1245 1348 1309 statuisti
1370 1245 1405 1310 in

225 1336 290 1400 ista
308 1336 487 1421 provincia,
510 1357 577 1400 non
595 1334 691 1399 facile
711 1334 779 1399 sine
799 1357 925 1398 summa
943 1334 1131 1417 integritate
1157 1335 1404 1417 sustineremus,

226 1446 326 1508 quare
354 1425 397 1488 sit
426 1446 551 1489 summa
578 1424 613 1487 in
641 1424 710 1487 iure
739 1423 876 1488 dicundo
907 1422 1076 1507 severitas,
1104 1423 1277 1488 dummodo
1302 1444 1341 1486 ea
1363 1444 1405 1487 ne

225 1513 369 1577 varietur
393 1514 514 1597 gratia,
542 1512 599 1577 sed
623 1516 830 1577 conservetur
853 1511 1044 1596 aequabilia.
1090 1510 1153 1576 Sed
1176 1515 1288 1576 tamen
1310 1513 1405 1594 parri

225 1602 325 1666 refert
348 1602 459 1666 abste
482 1601 555 1686 ipso
578 1602 629 1664 ius
654 1600 718 1665 dici
740 1601 955 1684 aequabiliter
977 1604 1012 1664 et
1030 1600 1211 1684 diligenter,
1234 1601 1299 1664 nisi
1317 1601 1404 1665 idem

225 1692 266 1755 ab
293 1691 334 1754 iis
362 1691 432 1773 fiet,
463 1690 580 1774 quibus
604 1694 640 1753 tu
668 1691 736 1754 eius
769 1690 913 1754 muneris
944 1689 1087 1773 aliquam
1114 1694 1241 1774 partem
1273 1710 1404 1754 conces·

225 1779 314 1844 seris.
364 1781 413 1844 Ac
443 1779 524 1843 mihi
559 1779 689 1861 quidem
726 1778 854 1843 videtur
887 1800 954 1843 non
988 1800 1066 1843 sano
1103 1800 1223 1864 magna
1259 1778 1403 1843 varietas

224 1889 294 1933 esse
320 1869 528 1953 negotiorum
557 1868 591 1931 in
620 1866 876 1937 administranda
902 1865 996 1952 Asia,
1024 1866 1080 1931 sed
1103 1890 1142 1932 ea
1163 1870 1236 1931 tota
1258 1867 1404 1932 iurisdie

222 1957 310 2022 tione
343 1959 482 2021 maxime
515 1955 682 2040 sustineri,
713 1957 747 2020 in
775 1979 839 2040 qua
867 1957 1021 2020 scientiae
1052 1956 1244 2040 praesertim
1271 1957 1403 2039 provin-

222 2046 311 2110 cialis
331 2046 415 2110 ratio
434 2046 507 2129 ipsa
525 2045 675 2129 expedita
688 2050 751 2109 est:
775 2045 961 2110 constantia
979 2048 1030 2109 est
1048 2045 1230 2109 adhibenda
1248 2047 1282 2109 et
1295 2048 1403 2129 gravi-

221 2137 283 2217 tas,
307 2156 389 2219 quae
412 2135 546 2199 resistat
568 2156 634 2198 non
659 2135 765 2198 solum
788 2136 922 2219 gratiae,
949 2156 1061 2198 verum
1090 2135 1189 2199 etiam
1213 2133 1403 2216 suspicioni.

168 2225 209 2289 21
222 2222 439 2307 Adiungenda
466 2223 565 2287 etiam
593 2228 643 2286 est
670 2223 811 2287 facilitas
838 2224 874 2287 in
901 2223 1069 2301 audiendo,
1095 2223 1212 2287 lenitas
1234 2222 1271 2285 in
1293 2222 1402 2287 decer·
1489 2236 1490 2269 l

221 2312 338 2395 nendo,
356 2312 390 2375 in
404 2310 634 2375 satisfaciendo
654 2332 691 2374 ac
706 2311 901 2394 disputando
916 2312 1094 2396 diligentia.
1124 2311 1169 2376 Iis
1184 2311 1280 2376 rebus
1294 2333 1402 2395 nuper

258 2543 299 2591 19.
325 2542 461 2607 corrupta
478 2537 569 2608 prou]
589 2538 616 2592 S,
632 2555 654 2592 ι.
673 2543 728 2603 58.
749 2569 782 2578 -
838 2539 921 2592 stand
929 2538 1400 2610 seinerunmoralischenBegierde

222 2607 301 2662 Haec
318 2610 383 2663 inst.
403 2608 464 2680 ete]
484 2608 545 2662 ‘Boi
564 2609 671 2663 diesem
684 2608 783 2663 Botra-
837 2627 887 2664 aus
915 2611 981 2665 dem
1005 2611 1181 2664 unsauberen
1207 2610 1322 2665 Rachen
1350 2628 1400 2679 ge·

222 2695 278 2748 gen
295 2678 400 2733 kannst
418 2680 456 2733 du
474 2681 547 2733 auch
564 2679 595 2732 in
609 2679 712 2734 deinen
726 2684 783 2734 An·
836 2681 948 2735 rissen’.
1000 2682 1064 2751 Vgl.
1090 2679 1146 2736 Cic.
1175 2681 1248 2736 Phil.
1268 2682 1342 2736 XIV.
1367 2687 1400 2736 8:

221 2751 387 2819 ordnungsn
402 2752 711 2820 (iarebaselatceadia)
724 2752 783 2804 und
836 2753 978 2807 Antonius
1009 2754 1118 2822 insipere
1149 2754 1242 2807 odium
1274 2755 1400 2809 omnium

222 2822 481 2892 Richtersprdchon
513 2823 709 2892 (decernendis)
737 2822 783 2876 die
837 2821 1210 2893 dominum=Gegenstand
1225 2824 1274 2879 dea
1282 2824 1399 2880 Hessos.

219 2893 338 2962 Strenge
346 2894 537 2961 durchsotzon,
548 2893 655 2948 welche
664 2912 690 2948 ιι.
702 2912 722 2947 a.
733 2893 780 2948 w!
837 2895 901 2963 Vgl.
921 2896 964 2949 ob.
985 2899 1000 2959 5
1021 2899 1053 2947 12
1078 2914 1111 2948 ιιι
1129 2896 1355 2950 convictionibus.

217 2995 251 3004 -
272 2963 392 3029 Quintus
414 2964 495 3019 hatte
519 2966 607 3018 durch
630 2964 708 3019 seins
726 2981 776 3017 un·
867 2999 929 3055 VH·
943 3000 999 3055 Di,
1008 3000 1123 3070 SM„
1136 3001 1175 3056 pm
1187 2986 1399 3068 Gergchtemusg

217 3034 778 3175 sustustatuissemus
830 3072 1398 3198 marpessam

216 3191 313 3243 zogen,
332 3191 363 3228 so
378 3175 424 3229 die
439 3176 488 3229 des
503 3175 642 3231 Paconius
656 3178 713 3230 und
728 3177 777 3230 des

217 3244 373 3300 Tuscenius
406 3248 494 3313 (sonet
526 3247 710 3314 unbekannt).
743 3278 777 3287 -
866 3254 909 3303 20.
935 3266 967 3303 ea
985 3254 1044 3305 toto
1057 3250 1096 3303 ist
1110 3249 1162 3304 auf
1172 3251 1346 3320 negotiorum
1360 3267 1397 3305 ιιι

217 3333 288 3371 susc.
312 3316 452 3388 habemus]
472 3318 500 3373 S.
520 3335 541 3373 ι.
560 3317 581 3372 Ι.
602 3325 626 3373 7.
648 3326 671 3372 1.
690 3348 724 3358 —
742 3335 777 3372 ae
830 3318 979 3386 bozichen,
1003 3335 1039 3375 sc.
1065 3322 1210 3387 videntum
1239 3322 1316 3375 disse
1345 3321 1397 3376 bo-

216 3418 252 3428 -
284 3388 391 3456 quidem
418 3388 464 3459 oc]
490 3386 572 3442 Nach
598 3388 776 3457 Negatiouen
834 3391 954 3445 standon
982 3393 1050 3446 abar
1077 3391 1199 3459 darnole,
1232 3392 1298 3446 weil
1326 3393 1397 3447 kain

216 3459 317 3513 stehsn
345 3457 391 3512 die
418 3459 603 3529 kopulativen
630 3459 777 3514 Partikeln
832 3461 918 3530 Krieg
936 3464 967 3515 in
979 3462 1067 3516 Asien
1085 3482 1119 3517 ιιι
1136 3462 1237 3518 fuhren
1256 3481 1323 3531 war,
1345 3463 1398 3518 der

216 3529 259 3584 oft
271 3530 311 3584 im
322 3529 406 3583 Sinna
420 3545 475 3584 von
486 3531 691 3586 adversativen.
711 3530 775 3598 Vgl.
831 3533 1013 3601 Hauptsachs
1040 3535 1114 3588 nach
1146 3535 1176 3588 in
1210 3536 1260 3588 der
1288 3534 1396 3590 Recht-

216 3601 288 3656 0ben
308 3606 390 3666 5411.
405 3600 612 3658 Oic.0ff.111.c.
629 3607 677 3656 32:
696 3602 777 3656 nulla
830 3604 996 3673 srechung.
1024 3635 1058 3644 -
1086 3606 1227 3677 scientiae]
1252 3622 1290 3661 sc.
1314 3605 1395 3661 iuris.

215 3673 295 3726 uobis
307 3674 422 3727 societas
435 3674 670 3742 oumtpraaaiset
680 3675 776 3743 polias
831 3622 884 3728 iiie
900 3673 1016 3744 Sphara
1035 3677 1085 3729 das
1104 3676 1207 3730 Gabiot
1226 3678 1322 3746 (ratio)
1343 3678 1395 3732 dos

215 3744 268 3813 (‘ja
282 3742 443 3812 vielmehr’)
456 3760 563 3798 samma
572 3744 716 3798 distractio
730 3751 776 3801 est.
829 3745 1022 3801 Wissenswar
1031 3747 1395 3817 expeditaunddiefland-

215 3845 248 3854 —
261 3816 341 3886 Mysi
350 3820 400 3868 aad
410 3814 544 3886 Plirypis]
555 3814 642 3869 Beide
653 3816 776 3870 Stdmms
829 3816 945 3887 habung
959 3817 1009 3871 der
1022 3818 1210 3872 Jurisdilrtion
1225 3835 1283 3872 war
1296 3820 1327 3872 in
1343 3820 1396 3874 der

213 3901 307 3939 waren
326 3887 390 3939 sehr
408 3888 562 3955 varachus,
581 3886 635 3940 wie
649 3903 706 3941 von
719 3887 775 3941 den
828 3888 948 3943 Provinz
967 3888 1086 3943 leichter
1105 3889 1162 3943 und
1181 3889 1327 3944 oinfaoher
1347 3892 1393 3945 als

213 3956 370 4025 Phrygiam
395 3957 446 4010 das
471 3957 645 4027 Sprichwort
669 3958 773 4028 aeigte:
829 3976 863 4012 ιιι
886 3961 966 4014 Rom.
987 3990 1020 4000 -—
1043 3961 1207 4031 suspicione]
1232 3960 1297 4015 dem
1320 3960 1393 4015 Ver-

212 4026 313 4097 Plsrpc
325 4029 440 4096 plapis
453 4029 590 4096 derisold
600 4030 702 4098 melior,
717 4047 773 4084 von
827 4031 930 4084 daehte
949 4031 999 4085 der
1017 4030 1243 4086 Parteilichkeit.

212 4098 269 4151 den
295 4097 429 4165 Mysiern:
467 4103 575 4153 Μυσῶν
603 4095 618 4152 ὁ
648 4098 773 4168 ἔσχατος,
863 4107 905 4157 21.
935 4102 1033 4156 lenitas
1052 4143 1081 4159 ..
1105 4103 1263 4227 dilipcnticg
1295 4103 1393 4159 Wonn

214 4170 363 4238 Mysorum
385 4170 513 4240 altimus,
539 4187 601 4224 zum
625 4169 773 4224 Ausdruck
829 4171 874 4225 die
901 4171 1031 4227 Parteien
1060 4174 1132 4228 nach
1161 4174 1212 4227 der
1263 4174 1393 4229 ntschei·

214 4237 264 4291 der
291 4239 481 4310 Verachtung.
515 4272 548 4281 -
582 4240 772 4311 cupiditatem]
828 4243 913 4311 dung,
934 4243 980 4297 bei
993 4244 1115 4298 welches
1129 4245 1179 4299 der
1194 4246 1292 4299 Prttcr
1307 4246 1392 4301 nicht

211 4308 265 4362 Die
280 4308 439 4379 ‘Bagierde'
461 4312 505 4367 ldr
523 4312 577 4366 den
593 4312 774 4380 Gegenstand
827 4316 881 4367 mit
903 4314 991 4369 Hdrte
1014 4314 1165 4370 verfahren
1192 4316 1267 4385 dart,
1295 4332 1393 4386 gegen

213 4379 368 4434 desselben.
414 4380 495 4436 Also:
526 4383 601 4436 ‘dem
628 4389 666 4436 du
700 4381 772 4437 ohne
828 4385 879 4437 das
897 4384 990 4440 Urteil
1013 4387 1100 4441 etwas
1123 4386 1294 4455 vorbringon
1317 4388 1392 4443 wol-

212 4448 268 4503 alle
289 4449 560 4521 Rechtsverletaung
583 4454 638 4506 den
663 4451 772 4521 Gegen-
827 4455 882 4524 len,
902 4472 932 4510 so
947 4456 1001 4510 soll
1020 4472 1049 4510 er
1068 4456 1128 4512 dies
1142 4458 1313 4527 widerlogcn
1327 4460 1391 4514 und
