2998 4956
547 245 579 311 Q.
599 244 751 301 TULLIUS
772 245 912 301 CICERO.
1273 246 1318 310 55

135 411 258 475 tiorom
282 410 382 473 etiam
405 430 443 472 ao
466 408 717 491 diligentiorem.
749 406 822 473 Sint
845 430 939 473 aures
960 413 1045 490 tuae,
1068 431 1151 494 quae
1169 408 1211 492 id,
1234 410 1319 494 quod
1330 412 1372 479 13

138 498 292 582 audiunt,
325 498 552 562 existimentur
583 496 710 580 audire,
741 519 807 561 non
834 497 869 560 in
897 519 978 581 quas
1005 498 1080 562 fiete
1108 502 1141 563 et
1168 499 1318 564 simulate

31 584 34 595 '
137 592 296 671 quaestus
325 607 424 650 causa
450 585 684 670 insusurretur3
712 586 755 649 sit
783 587 898 649 anulus
925 590 1000 650 tuus
1028 608 1094 652 non
1120 590 1157 651 ut
1179 610 1238 652 vas
1260 588 1318 652 ali-

138 676 240 759 quod,
269 675 325 738 sed
353 679 523 757 tamquam
550 673 620 756 ipse
643 678 694 756 tu,
721 695 787 737 non
811 675 959 738 minister
981 674 1105 740 alienae
1129 677 1317 762 voluntatis,

137 763 197 828 sed
229 765 324 827 testis
357 770 448 845 tuae;
482 783 636 827 accensus
666 763 711 825 sit
738 784 777 826 eo
804 784 954 846 numero,
987 786 1050 847 quo
1078 786 1151 828 eum
1179 766 1315 831 maiores

135 853 246 917 nostri
274 874 344 916 esse
372 851 558 934 voluerunt,
585 851 641 933 qui
668 850 731 915 hoc
758 873 825 916 non
852 853 887 916 in
914 852 1062 917 beneficii
1089 853 1175 935 loco,
1203 854 1316 921 sedin

137 942 263 1005 laboris
292 963 329 1004 ac
356 939 513 1022 muneris,
540 960 609 1004 non
636 943 758 1003 temere
785 941 848 1004 nisi
875 941 999 1005 libertis
1028 941 1094 1005 suis
1118 941 1316 1029 deferebant,

136 1031 259 1114 quibus
282 1030 330 1094 illi
355 1028 485 1112 quidem
508 1049 575 1091 non
598 1028 703 1093 multo
727 1050 820 1092 secus
844 1050 882 1093 ac
905 1030 1006 1094 servis
1028 1031 1248 1115 imperabant3
1272 1036 1316 1098 sit

136 1119 235 1181 lictor
257 1139 322 1182 non
346 1137 432 1193 suae,
456 1115 511 1180 sed
534 1120 610 1180 tuae
633 1117 780 1181 lenitatis
805 1117 986 1201 apparitor,
1014 1119 1201 1202 maioraque
1224 1142 1315 1202 prae·

135 1206 249 1270 ferant
265 1207 371 1270 fasces
389 1206 438 1268 illi
457 1226 495 1269 ac
514 1226 641 1270 secures
661 1205 832 1289 dignitatis
850 1206 995 1290 insignia
1015 1229 1112 1291 quam
1125 1209 1314 1290 potestatis:

133 1297 202 1359 toti
221 1295 336 1378 deniqe
357 1295 401 1357 sit
414 1293 600 1377 provinciae
615 1295 783 1377 cognitum
797 1295 858 1359 tibi
874 1295 1029 1379 omnium,
1049 1296 1166 1379 quibus
1180 1301 1313 1378 praesis,

136 1385 293 1465 salutem,
321 1382 455 1461 liberos,
484 1381 622 1465 famam,
649 1381 798 1447 fortunas
827 1404 898 1448 esse
926 1384 1121 1449 carissimas.
1165 1385 1313 1471 Denique

133 1472 218 1537 haec
242 1472 353 1556 opinio
378 1471 435 1554 sit,
459 1492 526 1535 non
551 1470 647 1536 modo
671 1471 726 1555 iis,
749 1472 805 1556 qui
829 1471 951 1557 aliquid
974 1473 1168 1557 acceperint,
1193 1475 1249 1539 sed
1271 1478 1312 1541 iis

132 1562 249 1643 etiam,
277 1561 335 1644 qui
358 1559 518 1640 dederint,
547 1564 581 1622 te
603 1559 785 1644 inimicum,
813 1561 840 1624 si
863 1561 897 1625 id
920 1562 1124 1645 cognoveris,
1151 1561 1311 1629 futurum:

133 1671 239 1734 neque
268 1670 344 1713 vero
373 1649 544 1731 quisquam
574 1647 680 1730 dabit,
708 1671 781 1712 cum
809 1649 871 1712 erit
896 1649 959 1714 hoc
984 1654 1203 1737 perspectum,
1228 1654 1311 1718 nihil

130 1760 192 1821 per
216 1758 281 1821 eos,
305 1737 361 1820 qui
385 1738 541 1801 simulant
565 1757 599 1800 se
624 1736 708 1819 apud
731 1743 764 1801 te
787 1739 926 1802 multum
949 1760 1054 1823 posse,
1078 1739 1189 1804 abste
1209 1743 1311 1806 solere

132 1826 312 1910 impetrari.

223 1913 293 1979 Nee
321 1918 433 1978 tamen
460 1912 540 1977 haec
566 1912 672 1978 oratio
695 1934 769 1977 mea
792 1917 843 1977 est
863 1913 1035 1999 eiusmodi,
1061 1918 1099 1978 ut
1122 1918 1155 1979 te
1177 1915 1213 1981 in
1235 1921 1309 1984 tuos
1322 1922 1363 1987 14

132 2007 192 2068 aut
221 2003 337 2068 durum
366 2024 437 2066 esse
465 2001 602 2065 nimium
628 2005 686 2065 aut
709 2003 925 2085 suspiciosum
948 2004 1057 2066 velim:
1084 2026 1161 2068 nam
1185 2006 1309 2090 siquis

128 2097 181 2156 est
213 2114 341 2176 eorum,
374 2092 429 2174 qui
456 2089 517 2154 tibi
535 2091 668 2155 biennii
696 2091 803 2174 spatio
831 2112 1007 2175 numquam
1035 2092 1070 2155 in
1093 2093 1308 2176 suspicionem

128 2182 274 2245 avaritae
297 2180 426 2244 venerit
450 2215 488 2225 —
514 2182 552 2243 ut
575 2199 635 2263 ego
660 2178 812 2245 Caesium
835 2184 868 2244 et
891 2177 1109 2264 Chaerippum
1133 2185 1166 2245 et
1184 2181 1308 2249 Labeo·

127 2290 206 2334 nem
234 2278 267 2333 et
291 2269 388 2333 audio
413 2270 458 2351 et,
486 2268 562 2351 quia
586 2269 739 2352 cognovi,
767 2270 915 2333 existimo
941 2305 997 2352 —,
1023 2269 1107 2333 nihil
1130 2273 1195 2353 est,
1223 2275 1308 2355 quod

126 2379 196 2422 non
225 2363 258 2422 et
286 2358 327 2421 iis
357 2362 391 2421 et
418 2357 447 2420 si
475 2356 547 2439 quis
576 2361 626 2421 est
652 2357 735 2421 alius
759 2357 902 2422 eiusdem
925 2357 1013 2422 modi
1036 2363 1070 2422 et
1092 2360 1252 2424 committi
1276 2367 1309 2426 et

128 2446 217 2511 credi
240 2447 422 2510 rectissime
446 2451 572 2529 putem3
595 2445 650 2509 sed
675 2446 702 2510 si
726 2446 798 2529 quis
822 2450 881 2529 est,
904 2447 938 2509 in
960 2468 1024 2531 quo
1043 2448 1109 2511 iam
1128 2448 1308 2535 offenderis,

127 2535 167 2599 de
192 2557 257 2618 quo
282 2534 406 2618 aliquid
429 2535 583 2611 senseris,
610 2533 687 2599 huic
709 2534 793 2598 nihil
816 2534 1005 2620 credideris,
1030 2536 1155 2600 nullam
1180 2543 1307 2621 partem

127 2623 386 2688 existimationis
408 2626 484 2687 tuae
508 2622 716 2687 commiseris.

161 2856 204 2905 13.
233 2850 404 2905 statueres
422 2848 482 2920 ete]
510 2848 574 2903 Alle
598 2848 689 2902 sollen
742 2849 829 2903 milde
865 2848 905 2904 im
941 2849 1058 2905 Urteile.
1096 2881 1130 2891 -
1165 2852 1223 2923 ille]
1259 2854 1305 2909 die

120 2923 256 2992 glauben,
276 2921 339 2974 dass
358 2921 440 2974 deine
459 2920 554 2973 Ohron
573 2936 626 2973 nur
644 2919 689 2974 fur
742 2919 886 2974 Liktoren.
907 2951 939 2960 —
959 2938 993 2976 ue
1012 2922 1129 2994 accures]
1152 2920 1205 2977 Die
1224 2923 1305 2978 socha

121 2995 174 3048 das
188 2991 313 3061 gedffnet
328 2991 401 3059 sind,
415 3006 475 3044 was
490 2991 530 3044 sic
542 2989 687 3044 unmittel·
742 2989 877 3045 Liktoren
895 2993 945 3046 der
958 2992 1147 3062 Proprlitoren
1160 2998 1205 3047 tru
1227 3011 1262 3049 en
1275 2997 1305 3050 in

122 3064 177 3118 bar
192 3063 282 3118 selbst
296 3062 393 3130 hdren,
412 3061 492 3115 nicht
506 3062 550 3114 ifir
564 3062 688 3131 gewinn-
742 3062 791 3116 der
813 3061 932 3117 Provina
955 3063 1001 3117 die
1023 3012 1226 3120 Rutenbhudei
1243 3068 1305 3120 mit

121 3135 254 3204 suchtige
283 3132 491 3203 Zutrtgeraien.
519 3163 552 3172 -
581 3139 614 3186 ut
639 3149 689 3187 cas
742 3132 864 3187 Boilen
886 3152 937 3189 vor
959 3135 1014 3189 den
1033 3134 1223 3192 Statthaltern
1245 3136 1303 3193 her.

121 3204 250 3275 aliquod]
287 3204 341 3258 wic
377 3202 477 3272 irgend
514 3202 559 3257 ein
593 3205 687 3272 (terat,
741 3234 775 3244 -
813 3207 864 3259 toti
905 3207 1020 3276 denique
1060 3238 1092 3247 —
1132 3210 1302 3280 carmaniae]

121 3276 243 3345 „descen
262 3275 324 3329 sich
343 3276 415 3329 auch
430 3272 533 3327 andere
547 3273 686 3328 bedienen
741 3274 878 3343 „Hiermit
891 3277 962 3331 wird
977 3279 1027 3332 das
1040 3283 1222 3349 praeceptum
1234 3282 1304 3334 liber

119 3348 262 3401 konnen“.
282 3376 317 3386 —
341 3349 378 3399 eit
405 3361 435 3400 eo
461 3361 588 3412 numero,
620 3345 685 3416 qao]
741 3347 794 3400 dau
812 3348 929 3402 rechten
948 3347 1097 3403 (lebrauoh
1115 3351 1166 3404 der
1185 3351 1304 3419 Gawalt,

121 3418 176 3473 ‘sei
214 3418 278 3485 das,
320 3416 400 3471 was'.
436 3446 469 3455 -
501 3415 562 3487 hoc]
600 3419 686 3471 namt.
740 3418 827 3471 deren
845 3418 966 3473 Zeichen
985 3419 1030 3474 die
1045 3421 1122 3475 Bcile
1141 3421 1190 3474 des
1205 3420 1304 3478 Liktor

118 3492 198 3543 Amt.
234 3490 292 3542 Das
310 3486 470 3541 Pronomen
492 3485 605 3541 beuieht
626 3488 686 3541 sich
741 3488 815 3556 sind,
836 3489 866 3542 in
884 3490 1190 3546 zusammenfasscnder
1209 3493 1302 3548 Weiss

118 3560 183 3615 hier
205 3557 288 3613 nieht
310 3559 360 3612 auf
377 3557 424 3612 ein
442 3556 686 3626 vorhergehendes
740 3558 929 3627 gesohlosscn.
975 3560 1044 3615 Was
1080 3563 1183 3616 damus
1215 3562 1302 3633 folgtr

121 3630 283 3697 Substant,
312 3629 432 3684 sondern
457 3627 508 3682 auf
529 3629 611 3683 einen
634 3627 686 3683 Be·
739 3630 866 3700 Denique
884 3661 919 3671 -
937 3633 1077 3699 faturum,
1100 3632 1228 3687 schliesst
1250 3635 1302 3687 mit

157 3699 194 3769 'ff,
214 3702 265 3755 der
283 3699 345 3754 sich
363 3717 413 3754 aus
428 3699 492 3753 dem
507 3699 686 3753 Zusammen·
742 3701 819 3754 einer
828 3703 1017 3771 allgemeinen
1026 3702 1183 3758 Vorschrift
1194 3703 1302 3770 (fiber-

118 3719 214 3841 hingo
233 3771 351 3840 ergieht.
384 3770 464 3823 Tuso.
484 3769 504 3822 I.
525 3775 555 3823 4:
574 3787 636 3838 erpo
654 3772 687 3825 ia
740 3771 860 3842 haupt)
878 3773 933 3827 den
952 3789 1061 3842 genaen
1080 3774 1157 3829 loeus
1171 3774 1241 3828 iiber
1255 3773 1301 3829 die

117 3844 241 3898 Graecia
272 3842 372 3896 musici
402 3843 570 3909 floruerant,
600 3842 684 3896 disee-
739 3843 837 3911 ndtige
873 3842 1128 3913 Beaufsichtigung
1169 3846 1218 3898 des
1254 3862 1302 3916 go·

118 3916 240 3982 bonique
273 3914 305 3967 id
337 3929 434 3967 munes.
459 3942 493 3952 -
517 3913 620 3966 laboris
652 3929 685 3966 oo
740 3916 849 3966 samten
873 3913 1181 3984 Beamtenpersonals.“
1219 3915 1300 3984 Seyff.

115 3984 253 4054 maneria]
266 3982 571 4038 ‘arbeitsvollesAmt'.
584 3999 685 4038 -aoo
739 3983 765 4036 S.
785 3982 815 4038 L.
832 4014 863 4022 —
879 3985 957 4050 famo
975 3986 1101 4056 semona]
1122 3985 1252 4041 Dieselbe
1270 3989 1300 4041 in

115 4063 135 4112 t.
150 4056 222 4127 alai]
241 4055 333 4108 ‘nieht
345 4054 435 4107 leicht
450 4052 552 4122 (einem
567 4053 683 4122 andern)
738 4054 793 4107 den
806 4054 902 4108 Reden
922 4056 1033 4122 hhufige
1042 4055 1225 4126 Verbindung
1235 4064 1300 4124 525.

115 4127 182 4183 als'.
199 4156 234 4166 -
248 4127 286 4180 sit
305 4127 384 4179 lictor
402 4124 462 4195 eta]
484 4115 632 4179 Uberlasse
652 4142 681 4178 es
774 4130 814 4179 14.
827 4126 964 4198 Caesium]
977 4115 1053 4181 Uber
1066 4127 1112 4182 die
1125 4126 1300 4199 Auslassung

113 4199 197 4252 nicht
216 4198 282 4252 dem
301 4198 381 4251 lictor
399 4195 460 4263 (der
474 4198 548 4250 auch
561 4196 606 4250 die
621 4212 681 4251 ver·
736 4195 785 4248 des
813 4197 952 4251 Verbums
980 4198 1009 4253 in
1037 4199 1086 4252 der
1110 4199 1222 4255 Konstr.
1250 4201 1299 4256 des

113 4269 243 4340 hington
277 4266 475 4335 kdrperliohen
503 4265 615 4321 Stralen
647 4283 682 4319 au
735 4267 801 4320 Aeo.
821 4285 844 4322 o.
863 4269 913 4322 Inf.
934 4287 955 4324 s.
975 4289 998 4323 z.
1017 4269 1131 4325 11.1.a.
1164 4271 1226 4325 Von
1245 4274 1300 4327 den

113 4341 276 4395 vollziehen
308 4337 413 4405 hatte),
450 4336 538 4391 Milde
570 4338 600 4390 in
632 4338 681 4392 der
735 4335 798 4391 hier
816 4342 978 4407 genannten
991 4340 1132 4397 Personon
1149 4340 1188 4397 ist
1201 4343 1300 4398 weiter

114 4411 209 4467 Strato
229 4411 371 4477 authen,
395 4410 516 4463 sondern
534 4408 575 4463 sei
594 4406 682 4463 selbst
734 4408 828 4464 nichts
847 4410 982 4469 bekannt.
