2998 4956
615 266 684 325 LlB.
703 269 724 324 Ι,
760 267 872 323 EPIST.
894 274 936 321 14.

632 499 810 565 Emsrunn
832 498 920 564 XIV.

637 620 701 692 (Ad.
720 620 786 676 fam.
808 619 839 676 V.
861 623 914 689 13.)

469 743 508 800 M.
529 742 659 800 CICERO
680 748 706 799 S.
727 746 760 802 D.
779 745 809 801 L,
829 743 984 800 LUCCEIO
1004 745 1035 810 Q.
1054 745 1086 800 F.

156 876 174 939 1
282 872 484 956 Quamquam
508 871 581 955 ipsa
603 872 781 936 consolatio
800 872 983 937 litterarum
1001 877 1131 936 tuarum
1150 872 1231 937 mihi
1250 874 1368 958 gratis·

192 963 276 1027 sima
299 966 408 1026 est-
428 960 571 1025 declarat
594 961 681 1024 enim
701 983 860 1025 summam
880 960 1139 1026 benevolentiam
1159 963 1368 1026 coniunctam

191 1049 264 1136 pari
295 1050 468 1134 prudentia
492 1085 547 1132 -,
578 1052 688 1114 tamen
719 1050 811 1113 illum
842 1050 984 1114 fructum
1017 1071 1056 1113 ex
1087 1049 1128 1113 iis
1161 1050 1280 1114 litteris
1313 1052 1368 1116 vel

191 1140 370 1203 maximum
394 1138 474 1222 cepi,
497 1143 581 1222 quod
604 1142 636 1201 te
659 1139 823 1221 praeclare
846 1159 897 1202 res
921 1139 1079 1203 humanas
1104 1142 1367 1203 contemnentem

192 1232 225 1292 et
262 1228 384 1310 optime
421 1230 534 1290 contra
570 1227 737 1291 fortunam
774 1230 922 1310 paratum
960 1231 1183 1312 armatumque
1215 1228 1368 1314 cognovi3

193 1337 292 1400 quam
320 1314 447 1401 quidem
475 1315 603 1380 laudem
633 1316 811 1399 sapientiae
835 1319 966 1379 autumo
991 1337 1060 1380 esse
1084 1317 1271 1400 maximam,
1298 1338 1367 1381 non

193 1404 323 1469 aliunde
356 1404 494 1488 pendere
526 1425 586 1468 nec
618 1405 817 1469 extrinsecus
849 1407 905 1468 aut
933 1404 1014 1469 bene
1043 1407 1100 1468 aut
1127 1406 1209 1470 male
1237 1405 1367 1469 vivendi

157 1494 368 1576 2suspensas
404 1492 524 1556 habere
560 1491 713 1557 rationes.
769 1492 859 1569 Quae
891 1493 1048 1578 cogitatio
1082 1514 1154 1558 cum
1187 1494 1266 1558 mihi
1299 1515 1368 1557 non

193 1582 326 1647 omnino
354 1580 527 1645 excidisset
553 1617 589 1628 -
616 1580 736 1645 etenim
764 1583 896 1664 penitus
924 1582 1086 1646 insederat
1111 1618 1166 1666 —,
1197 1583 1230 1645 vi
1256 1584 1368 1646 tamen

192 1673 425 1753 tempestatum
455 1672 488 1734 et
515 1691 672 1734 concursu
699 1670 922 1734 calamitatum
951 1675 1021 1735 erat
1048 1671 1251 1756 aliquantum
1278 1671 1367 1735 labe·

192 1759 317 1824 factata
339 1762 437 1843 atque
460 1758 629 1842 convulsa3
657 1758 709 1823 cui
731 1762 764 1822 te
788 1759 941 1843 opitulari
965 1764 998 1823 et
1021 1759 1113 1824 video
1138 1762 1170 1823 et
1192 1760 1226 1824 id
1249 1759 1366 1824 fecisse

193 1848 292 1912 etiam
322 1847 480 1930 proximis
508 1847 627 1912 litteris
655 1846 859 1932 multumque
885 1847 1061 1932 profecisse
1090 1849 1205 1914 sentio
1250 1848 1367 1934 Itaque

192 1936 255 2000 hoc
282 1936 411 2019 saepius
440 1935 608 2000 dicendum
635 1935 760 2020 tibique
787 1958 854 2000 non
882 1936 1130 2019 significandum
1159 1938 1278 2020 solum,
1309 1937 1366 2001 sed
1487 1996 1488 2009 ,

192 2025 291 2088 etiam
328 2024 558 2089 declarandum
595 2024 752 2108 arbitror,
788 2024 871 2089 nihil
903 2025 984 2089 mihi
1017 2046 1088 2090 esse
1120 2026 1268 2110 potuisse
1300 2027 1370 2091 tuis
1487 2078 1488 2085 ,

192 2113 310 2178 litteris
334 2115 468 2198 gratius.

156 2204 178 2267 3
283 2200 334 2265 Ad
363 2202 596 2266 consolandum
625 2204 734 2265 antem
761 2222 834 2265 cum
863 2202 920 2266 illa
945 2204 1068 2283 valent,
1097 2224 1178 2286 quae
1202 2202 1369 2287 eleganter

193 2291 387 2374 copioseque
410 2290 579 2373 collegisti,
601 2294 672 2354 tum
695 2290 776 2354 nihil
801 2290 885 2376 plus,
908 2313 1005 2375 quam
1028 2293 1115 2375 quod
1133 2291 1365 2355 firmitudinem

194 2378 454 2462 gravitatemque
478 2378 577 2443 animi
600 2380 649 2442 tui
672 2379 836 2462 perspexi,
864 2401 962 2462 quam
985 2402 1051 2444 non
1074 2380 1196 2444 imitari
1218 2380 1367 2464 turpissi-

193 2488 284 2531 mum
307 2466 467 2530 existimo.
504 2464 611 2551 Atque
634 2466 696 2531 hoc
720 2467 818 2530 etiam
841 2467 1011 2532 fortiorem
1034 2490 1086 2532 me
1108 2473 1189 2552 puto
1214 2491 1309 2552 quam
1333 2471 1367 2531 te

191 2556 313 2639 ipsum,
339 2558 582 2638 praeceptorem
610 2555 826 2637 fortitudinis,
856 2557 940 2639 quod
967 2560 1004 2620 tu
1027 2557 1108 2631 mihi
1131 2556 1250 2621 videris
1274 2578 1366 2641 spem

191 2643 384 2707 nonnullam
407 2643 528 2708 habere
550 2644 631 2709 haec
653 2644 827 2727 aliquando
850 2644 962 2709 futura
985 2646 1134 2728 meliora;
1161 2667 1255 2710 casus
1279 2647 1366 2709 enirn

194 2732 380 2817 gladiatorii
408 2732 700 2816 similitudinesque
731 2755 802 2818 eae,
828 2737 899 2797 tum
927 2734 1069 2799 rationes
1096 2736 1130 2798 in
1158 2756 1196 2798 ea
1224 2733 1367 2818 disputa-

228 2943 317 2998 Errsr.
330 2942 404 2998 XIV.
428 2943 499 3010 (709.
514 2947 557 2996 46.
576 2941 677 3012 April.)
696 2944 752 2997 Der
806 2943 950 3013 anderung
964 2942 1112 3012 derDinge
1124 2943 1163 2998 im
1174 2942 1270 2998 Staate
1280 2942 1372 2999 leicht

194 3014 275 3069 Brief
287 3013 398 3068 enthalt
411 3014 456 3067 die
466 3012 596 3067 Antwort
609 3014 659 3067 auf
671 3014 752 3067 einen
805 3013 937 3082 gefallen.

193 3083 274 3139 nicht
291 3086 371 3138 mehr
385 3083 584 3138 vorhandenen
598 3084 754 3139 Trostbrief
843 3091 866 3139 1.
891 3085 1018 3156 autumo]
1046 3085 1141 3153 htufig
1163 3084 1210 3140 bei
1234 3085 1288 3139 den
1311 3084 1367 3139 Ko-

194 3156 244 3209 des
263 3154 407 3223 Luccejus.
422 3185 456 3195 -
471 3153 502 3208 L.
517 3152 653 3223 Lucceius
671 3155 751 3209 hatte
805 3155 924 3210 mikern.
949 3142 1025 3209 liber
1043 3154 1088 3210 dia
1106 3155 1275 3225 Bedeutung
1293 3155 1368 3210 Gall.

194 3225 269 3293 sich,
287 3225 426 3279 nachdem
444 3240 474 3277 er
493 3224 552 3279 sich
571 3224 672 3278 einmal
692 3241 752 3279 ver·
806 3224 866 3280 XV.
890 3232 915 3278 3.
937 3232 966 3279 6:
999 3232 1111 3282 autumo
1138 3243 1195 3282 ooo
1222 3229 1252 3282 id
1278 3228 1368 3281 solum

194 3296 298 3366 gebeno
316 3312 363 3348 um
379 3295 428 3349 das
442 3294 752 3363 Konsulatbeworben,
805 3297 958 3366 eipuifieot:
984 3297 1137 3366 ‘aectamo',
1160 3299 1207 3352 aed
1229 3304 1255 3353 et
1279 3298 1365 3351 ‘dieo'

194 3383 250 3422 von
272 3367 327 3420 den
346 3364 603 3435 Staatsgeschaften
623 3364 685 3421 fern
703 3382 751 3434 ge·
807 3373 834 3422 ct
858 3367 979 3436 ‘opinor'
1003 3374 1029 3422 et
1054 3368 1177 3423 ‘cenaeo'.
1205 3399 1235 3409 -
1259 3384 1309 3422 aec
1332 3408 1366 3423 ..

194 3435 292 3491 hulten
305 3437 363 3490 und
377 3436 562 3491 historischen
573 3436 690 3492 Studien
704 3438 753 3493 ob·
806 3439 939 3509 rationes]
959 3437 1013 3493 den
1032 3438 1136 3509 Grund,
1155 3437 1201 3494 dic
1220 3438 1313 3493 Mitte!
1332 3457 1367 3492 au

195 3508 322 3577 gelegen.
358 3507 400 3561 lm
417 3507 503 3562 lahre
522 3513 556 3562 56
575 3526 633 3564 war
651 3525 682 3562 er
699 3508 754 3563 mit
807 3507 899 3564 einem
925 3508 1107 3579 glticlrlichen
1134 3510 1203 3566 oder
1229 3509 1369 3579 unglitclr·

195 3580 286 3633 einem
311 3577 415 3633 Werka
444 3581 513 3633 uber
540 3579 586 3633 die
613 3580 752 3634 rtmische
805 3580 898 3634 lichen
914 3579 1009 3635 haben
1026 3581 1057 3634 in
1076 3582 1130 3636 den
1144 3579 1255 3649 Diogen
1273 3579 1369 3634 ausser

195 3647 363 3704 Geschichte
391 3648 579 3718 beschtltigt‚
607 3651 669 3717 das,
698 3649 752 3704 wia
806 3669 857 3705 uns
878 3652 990 3706 suehen.
1018 3638 1100 3706 lhnl.
1120 3651 1208 3707 findet
1222 3653 1280 3707 sich
1294 3652 1368 3705 auch

194 3718 245 3775 wir
272 3738 322 3775 aus
352 3720 407 3775 Cic.
430 3721 507 3774 Fam.
527 3720 560 3776 V.
580 3726 613 3775 12
641 3720 756 3790 wissen,
807 3723 888 3776 Tusa,
909 3722 942 3777 V.
966 3729 1008 3776 12.
1032 3730 1066 3777 36
1095 3723 1142 3777 die
1168 3725 1242 3777 nach
1269 3721 1367 3776 Platos

194 3791 240 3845 die
254 3789 422 3845 Gesehichte
442 3794 491 3846 des
508 3792 679 3847 marsischen
694 3792 752 3845 und
806 3792 955 3862 Vorgange
983 3795 1023 3847 im
1051 3792 1220 3848 Menexenus
1247 3811 1273 3863 p.
1295 3798 1369 3846 2470

194 3861 244 3916 des
268 3866 360 3916 ersten
383 3860 600 3932 Biirgerkrieges
623 3863 750 3919 enthielt.
806 3865 950 3932 gegebene
973 3863 1198 3934 Umschreibung
1224 3863 1274 3919 der
1297 3863 1366 3918 stoi-

195 3933 347 4001 (Va‘debam
357 3934 456 3989 Italici
465 3934 562 3989 baillet
571 3935 752 3989 cicilislu'ato·
806 3937 893 3989 achan
911 3930 1076 4004 αὐτάρκεία.

192 4004 266 4057 riam
283 4006 338 4058 ium
358 4021 376 4057 a
394 4011 517 4074 tepaeuc
530 4007 752 4074 comperfectum,
841 4012 867 4059 2.
904 4005 962 4076 cui]
999 4023 1036 4061 sc.
1069 4007 1242 4076 copitationi,
1278 3994 1367 4060 llber-

193 4075 306 4129 dixeras
328 4081 418 4129 autem
440 4077 508 4130 milri
530 4081 555 4129 tc
572 4078 692 4145 reliquae
709 4092 753 4130 rea
805 4092 940 4145 zeugung.
964 4107 998 4116 —
1021 4078 1098 4132 video
1127 4119 1159 4132 ..
1187 4075 1286 4147 sentio]
1318 4075 1367 4129 ich

194 4144 303 4212 ordiri.)
341 4147 420 4199 Nach
443 4148 492 4200 der
511 4144 678 4216 Niederlage
703 4147 751 4199 des
807 4147 899 4214 sehe,
923 4146 984 4200 dass
1004 4147 1042 4201 du
1060 4148 1254 4216 iiberhaupt
1268 4188 1291 4201 ..
1306 4145 1367 4199 und

193 4213 357 4283 Pompejus‚
400 4217 499 4270 dessen
534 4217 687 4286 Anhanger
723 4233 754 4270 er
806 4215 916 4284 futla,
936 4217 996 4271 dass
1017 4219 1054 4271 du
1068 4219 1158 4271 dieses
1173 4220 1246 4272 auch
1261 4236 1287 4271 u.
1298 4236 1318 4270 s.
1330 4236 1364 4270 w,

194 4286 490 4410 tttttatl³⁶¹t
510 4303 653 4410 ⁰i0d⁰¹li
668 4285 753 4409 tft‘
807 4293 867 4409 ul·
883 4287 1367 4426 pppqppmpppchsrqunguaa

193 4427 264 4494 ben,
304 4426 362 4478 und
402 4426 464 4480 liele
505 4426 566 4479 sich
603 4425 649 4480 die
686 4426 752 4480 Ver·
807 4426 884 4496 laec]
904 4426 950 4480 die
967 4426 1042 4495 hage
1062 4428 1110 4481 dos
1125 4427 1244 4481 Staates.
1260 4457 1291 4466 -
1307 4426 1366 4494 eae]
