2998 4956
235 290 281 353 44
631 288 698 344 LlB.
719 289 740 345 1.
776 288 888 344 EPIST.
911 296 951 347 16.
973 296 1014 345 17,

237 474 307 517 esee
334 452 423 517 une?
451 474 511 517 nec
538 451 720 517 mehercule
743 451 913 537 intellego,
941 451 1017 537 quid
1043 452 1214 535 impediat3
1242 452 1298 517 sed
1323 456 1414 517 certe

237 541 341 605 adhuc
368 563 434 605 non
462 541 597 619 fuimus,
626 562 699 605 cum
723 562 866 605 essemus
890 541 987 605 vicini
1009 542 1044 605 in
1067 540 1263 624 Tusculano,
1290 541 1327 606 in
1350 542 1415 606 Pu-

236 632 380 694 teolano:
408 652 483 694 nam
512 630 589 715 quid
617 629 722 694 dicem
747 630 782 694 in
804 629 908 694 urbe?
934 631 968 694 in
993 651 1070 714 qus,
1098 651 1172 694 oum
1194 629 1303 694 forum
1326 651 1414 694 com-

202 719 336 783 3mune
360 719 412 802 sit,
435 719 587 783 vicinitas
610 740 674 782 non
698 720 879 803 requiritur.
913 716 976 783 Sed
999 740 1077 783 cusu
1100 719 1207 783 nescio
1231 740 1294 803 quo
1318 719 1353 782 in
1373 739 1414 783 es

238 811 387 891 tempora
418 812 533 872 nostra
565 812 654 871 aetas
686 807 815 889 incidit,
847 811 897 885 ut,
930 829 1002 872 curn
1035 807 1175 871 maxime
1207 807 1323 872 florere
1351 828 1414 871 nos

239 899 414 980 oporteret,
436 900 506 960 tum
530 896 636 960 vivere
659 896 757 960 etiem
780 896 925 979 puderet.
963 895 1055 972 Quod
1079 896 1164 959 enim
1188 917 1258 959 esse
1281 898 1416 980 poteret

239 984 320 1048 mihi
338 984 524 1069 perfugium
544 985 685 1068 spoliato
705 988 738 1049 et
757 984 942 1049 domesticis
962 990 995 1048 et
1011 983 1194 1049 forensibus
1213 986 1416 1048 ornamentis

239 1076 337 1155 atque
370 1072 523 1137 solaciis?
568 1072 724 1151 Litterae,
757 1073 865 1154 credo,
898 1073 1015 1157 quibus
1048 1078 1123 1138 utor
1155 1073 1299 1137 adsidue:
1334 1073 1415 1157 quid

238 1162 323 1224 enim
357 1161 444 1226 aliud
476 1162 583 1226 fecere
616 1161 772 1244 possum?
805 1162 861 1225 sed
887 1164 997 1226 nescio
1026 1161 1187 1246 quomodo
1215 1162 1305 1244 ipsae
1334 1161 1414 1225 illae

238 1250 405 1314 excludere
429 1271 479 1314 me
504 1253 638 1334 oporto
657 1256 690 1313 et
708 1250 857 1335 perfugio
876 1251 1025 1315 videntur
1043 1253 1077 1314 et
1096 1250 1190 1335 qussi
1208 1250 1416 1334 exprobrare,

238 1338 327 1422 quod
349 1339 385 1401 in
408 1360 447 1403 ea
469 1338 537 1403 rite
560 1360 723 1422 maneam,
750 1339 786 1402 in
816 1361 881 1423 que
907 1338 990 1402 nihil
1018 1338 1098 1402 insit
1124 1340 1188 1403 nisi
1214 1339 1415 1422 propagatio

237 1427 413 1491 miserrimi
436 1429 601 1510 temporis.

201 1516 224 1580 4
327 1514 389 1579 Hic
412 1519 448 1579 tu
471 1536 519 1579 me
540 1517 580 1580 ab
603 1537 641 1579 ea
665 1516 778 1580 abesse
801 1515 881 1579 urbe
900 1516 1036 1599 miraris,
1058 1515 1093 1579 in
1113 1537 1177 1600 que
1195 1515 1310 1580 domus
1330 1515 1416 1580 nihil

237 1603 395 1668 delectare
413 1604 528 1688 possit,
552 1626 713 1669 summum
733 1604 778 1668 sit
797 1604 906 1668 odium
925 1609 1120 1686 temporum,
1140 1604 1320 1689 hominum,
1337 1604 1414 1688 fori,

238 1692 368 1757 curiae?
400 1691 515 1776 ltaque
539 1693 585 1757 sic
608 1693 725 1757 litteris
744 1696 828 1777 utor,
850 1694 885 1756 in
907 1694 1024 1778 quibus
1044 1714 1199 1758 consumo
1219 1715 1313 1758 omne
1333 1697 1416 1758 tem·

237 1802 312 1864 pus,
344 1802 409 1845 non
441 1786 478 1845 ut
510 1782 550 1845 ab
583 1782 623 1845 iis
655 1781 848 1846 medicinam
876 1786 1080 1866 perpetuam,
1113 1781 1168 1845 sed
1197 1785 1234 1845 nt
1261 1783 1414 1864 exiguam

202 1869 436 1935 hoblivionem
468 1870 586 1934 doloris
613 1875 732 1953 petam.
779 1868 871 1946 Quod
900 1871 927 1934 si
955 1870 989 1934 id
1017 1871 1195 1955 egissemus
1223 1892 1284 1956 ego
1314 1875 1414 1954 atque

236 1960 288 2039 tu,
316 1959 402 2042 quod
430 1980 470 2023 ne
497 1959 532 2022 in
561 1963 702 2023 mentem
730 1959 858 2043 quidem
883 1958 979 2023 nobis
1002 1959 1153 2023 veniebat
1176 1963 1309 2043 propter
1333 1959 1415 2024 coti-

237 2046 351 2111 dianos
376 2052 492 2132 metue,
513 2049 544 2112 si
566 2069 660 2112 omne
682 2052 810 2131 tempus
834 2070 899 2112 une
922 2047 1105 2131 fuissemus,
1128 2069 1231 2133 neque
1255 2069 1307 2112 me
1327 2048 1415 2112 vale·
1487 2078 1488 2123 γ

236 2135 315 2200 tudo
343 2140 400 2200 tue
429 2136 607 2201 offenderet
632 2157 734 2221 neque
762 2142 795 2200 te
824 2158 950 2201 maeror
974 2158 1073 2201 meus.
1120 2135 1226 2216 Quod,
1254 2142 1413 2221 quantum
1487 2158 1488 2185 ¹

236 2224 308 2288 ficri
334 2225 469 2307 poterit,
505 2247 755 2309 consequemur,
793 2225 870 2308 quid
902 2225 987 2289 enirn
1020 2230 1070 2289 est
1102 2228 1229 2310 utrique
1261 2229 1413 2291 nostrum
1487 2242 1488 2245 ’

238 2313 369 2397 aptius?
391 2312 580 2396 propediem
603 2317 636 2378 te
658 2313 760 2397 igitur
783 2313 907 2379 videbo.

604 2647 647 2715 M.
670 2646 855 2715 TULLIUS
878 2648 1046 2716 CICERO.

326 2778 456 2856 Marcus,
480 2777 534 2837 der
556 2778 638 2838 Sohn
661 2776 779 2838 Ciceros
803 2780 864 2838 und
888 2780 941 2838 der
961 2780 1110 2857 Terentia,
1133 2780 1236 2840 wurde
1259 2782 1300 2840 im
1319 2781 1349 2843 J.
1370 2784 1411 2843 65
1434 2755 1441 2765 .

237 2866 378 2944 geboren.
423 2866 485 2927 Der
508 2865 612 2945 Vster,
636 2867 689 2927 der
712 2867 765 2926 ihn
788 2869 913 2929 zdrtlich
936 2868 1037 2947 liebte,
1060 2870 1175 2948 leitete,
1198 2890 1231 2930 so
1254 2870 1327 2931 weit
1348 2872 1414 2931 ihm

237 3035 325 3090 daher
343 3035 407 3089 tritt
425 3037 475 3091 der
492 3036 623 3106 folgende
639 3036 797 3091 Sstznicht
886 3042 912 3093 4.
944 3037 1014 3109 Hic]
1043 3039 1150 3094 Unter
1175 3040 1306 3094 diesen
1334 3041 1411 3094 Um-

237 3107 291 3160 mit
308 3122 365 3160 noo
383 3107 424 3161 als
443 3108 586 3175 Antwort,
605 3110 726 3163 condem
743 3108 798 3162 mit
851 3108 1010 3177 stenden,
1047 3108 1097 3163 Boi
1130 3111 1221 3165 dieser
1252 3111 1330 3181 Lege
1360 3113 1412 3166 der
1485 3108 1486 3167 ξ

236 3193 287 3232 sec
304 3175 346 3229 uls
361 3177 545 3246 Fortsetzung
563 3178 612 3231 des
628 3177 795 3233 Godanlrens
850 3178 955 3249 Dioge;
975 3179 1028 3233 wie
1042 3181 1094 3235 wir
1110 3199 1194 3236 unser
1209 3182 1274 3236 ‘De'
1291 3184 1411 3250 gebrau·
1485 3172 1486 3193 ¹

237 3245 381 3301 sut—io
390 3247 552 3316 Tuscul.,io
563 3249 796 3317 Puteol.]Lucce·
851 3251 935 3316 chen3
963 3250 998 3304 de
1020 3250 1088 3321 imp.
1113 3251 1410 3322 Cn.Pomp.13.89:

233 3318 281 3387 jus
307 3335 365 3372 wer
383 3320 443 3373 also
463 3319 514 3373 suf
530 3321 625 3374 sciuen
643 3320 697 3374 den
717 3320 796 3375 Cice·
850 3321 909 3377 Hic
919 3323 1054 3376 miramur
1068 3323 1141 3377 tunc
1153 3325 1411 3379 rememorantem

237 3388 432 3444 ronianischen
464 3390 672 3445 benachberten
700 3390 797 3445 Villen
850 3394 1412 3465 occallescere-domos]Vonseiner

236 3476 379 3530 genesen,
407 3461 480 3515 ohne
508 3461 570 3516 dass
596 3462 642 3516 die
667 3463 795 3517 Freunde
850 3463 1000 3518 Gemshlin
1018 3464 1154 3534 Publilia,
1179 3466 1224 3519 die
1243 3482 1274 3521 er
1292 3466 1310 3520 i.
1329 3466 1355 3520 J.
1375 3472 1411 3522 46

236 3530 297 3585 sich
311 3532 442 3600 geschen.
466 3519 542 3586 liber
555 3533 795 3589 dasTueoul.s.n.
850 3535 1021 3603 geheiratet,
1045 3535 1141 3590 wollte
1165 3552 1196 3590 er
1220 3536 1280 3591 sich
1306 3537 1412 3592 wieder

236 3601 258 3658 Ι.
283 3607 325 3657 11.
375 3601 432 3657 Das
459 3602 643 3675 Puteolanum
672 3604 721 3673 lug
748 3603 796 3658 bei
850 3605 991 3661 scheiden.
1029 3606 1075 3661 Sie
1094 3606 1188 3661 weilte
1207 3608 1237 3661 in
1252 3609 1333 3676 Rom,
1351 3608 1411 3662 und
1484 3664 1485 3671 ,

235 3671 355 3741 Puteoli,
373 3675 454 3728 nicht
471 3675 538 3729 weit
555 3692 610 3729 von
629 3674 772 3746 Neapolis.
850 3674 906 3731 Cic.
916 3678 1015 3731 verbat
1028 3679 1089 3731 sich
1103 3693 1186 3747 sogor
1199 3679 1281 3732 ihren
1291 3679 1410 3735 Besuch.

271 3750 297 3800 3.
338 3744 443 3814 florere]
469 3744 518 3800 III.
548 3752 590 3799 to.
616 3750 633 3799 2
661 3747 797 3801 erltutert
849 3746 955 3816 Jonger
979 3749 1021 3802 sle
1044 3748 1150 3816 Tullia,
1179 3751 1259 3804 hstte
1285 3751 1326 3804 eie
1350 3751 1411 3805 sich

236 3814 325 3869 durch
339 3819 443 3887 pratia,
461 3818 634 3882 audoisae,
647 3819 746 3886 pluria.
761 3848 794 3858 -
849 3818 903 3872 mit
922 3818 1013 3874 dieser
1026 3819 1106 3873 nicht
1118 3822 1269 3888 vertrcgen
1283 3821 1342 3875 und
1355 3820 1408 3875 soll

235 3893 262 3941 et
289 3887 442 3943 domesticis
468 3892 494 3942 et
520 3889 573 3954 sor.
593 3887 653 3959 etc]
685 3888 795 3943 Ebenso
850 3890 896 3943 bei
911 3890 975 3943 dem
988 3889 1065 3944 Tode
1081 3890 1229 3946 derselben
1244 3892 1329 3961 (noch
1343 3892 1410 3946 Plu·

235 3961 323 4012 nennt
348 3975 379 4012 er
404 3958 464 4013 sich
488 3960 569 4014 Tusc.
592 3958 614 4013 I.
634 3965 676 4013 34.
695 3965 743 4014 84:
772 3965 797 4013 et
850 3962 930 4014 lorch
955 3960 1012 4018 Cio.
1036 3963 1082 4030 41)
1106 3963 1167 4016 ihre
1192 3962 1305 4017 Ilreude
1330 3961 1411 4018 nicht

235 4029 388 4083 domesticis
406 4034 430 4084 et
448 4030 602 4095 fornicibus
619 4032 730 4085 solaciis
753 4047 795 4085 cr-
850 4033 1006 4101 verborgen
1025 4031 1124 4087 haben.

234 4102 422 4167 momentisque
437 4102 574 4168 priuatus.
608 4101 729 4155 Worauf
745 4101 793 4155 be·
886 4107 911 4157 ὅ.
934 4105 966 4158 td
989 4104 1142 4176 egissemus]
1166 4103 1227 4157 Den
1246 4104 1411 4172 Gedunlren,

235 4167 311 4221 nieht
336 4169 397 4222 sich
419 4171 502 4237 dom,
527 4171 637 4224 woranf
664 4174 736 4235 foc?
766 4173 793 4224 S.
849 4172 950 4227 immer
974 4173 1149 4230 beissmmen
1172 4191 1205 4229 zu
1229 4175 1304 4241 sein,
1329 4177 1411 4230 hatte

233 4236 318 4291 th.
337 4243 367 4291 2:
390 4240 459 4291 miti
477 4245 568 4294 autem
586 4241 695 4294 amissis
712 4256 794 4295 orna·
849 4242 895 4296 die
920 4244 1047 4313 tegliche
1077 4247 1196 4313 Furcht,
1225 4245 1256 4300 in
1288 4246 1340 4300 der
1369 4248 1410 4301 sie

234 4308 332 4387 mentis
355 4313 402 4362 etc.
422 4337 455 4347 —
481 4315 546 4362 utor
563 4310 691 4379 adsidue]
719 4297 795 4362 Uber
849 4312 1409 4383 schwebten,nichtsufkommenlussen.

235 4391 312 4430 seme
331 4376 518 4432 litterarische
532 4377 754 4448 Beschttftigung
771 4397 793 4433 s.

233 4444 307 4503 Einl.
322 4464 344 4499 z.
358 4446 382 4500 J.
398 4452 441 4501 45.

1047 4443 1202 4453 *-
