2998 4956
534 288 566 355 Q.
586 287 739 343 TULLIUS
758 287 897 346 clonae.
1255 293 1297 359 67

214 449 304 515 XIV.
338 449 410 534 Sed,
425 451 577 535 queniam
597 451 719 536 primus
738 474 841 517 annus
859 452 974 517 habuit
992 453 1030 517 de
1048 453 1110 519 hac
1128 457 1296 539 reprehen·
1305 456 1349 522 40

122 541 219 606 sione
233 541 410 624 plurimum
434 540 602 623 sermonis,
624 577 661 587 —
683 540 776 606 credo
795 544 975 626 propterea,
999 542 1085 627 quod
1107 543 1170 608 tibi
1192 544 1296 609 homi·

120 651 203 693 num
222 629 370 712 iniuriae,
389 629 474 712 quod
494 630 640 711 avaritia,
664 630 749 713 quod
766 629 940 696 insolentia
962 636 1093 713 praeter
1110 632 1296 715 opinionem

122 718 294 783 accidebat
319 721 351 781 et
373 718 588 783 intolerabilis
613 717 782 784 videbatur
806 756 857 804 —,
881 721 1038 785 secundus
1062 725 1170 786 autem
1193 723 1296 788 multo

121 808 290 888 leviorem,
310 807 396 890 quod
415 810 447 871 et
466 807 663 872 consuetudo
682 810 716 871 et
733 807 817 872 ratio
842 811 882 890 et,
905 812 942 873 ut
961 829 1021 893 ego
1040 810 1188 888 arbitror,
1206 832 1296 877 meae

121 918 253 981 quoque
283 895 410 959 litterae
438 899 470 959 te
498 895 726 979 patientiorem
748 897 968 981 lenioremque
991 897 1149 978 fecerunt,
1178 900 1296 964 tertius

122 1007 230 1051 annus
254 984 303 1048 ita
326 984 420 1048 debet
443 1005 511 1049 esse
535 984 736 1068 emendatus,
764 990 863 1050 utne
886 986 1052 1051 minimam
1076 987 1205 1072 quidem
1227 1010 1296 1052 rem

124 1073 299 1157 quisquam
327 1073 432 1156 possit
459 1073 561 1137 ullam
588 1073 830 1156 reprehendere,
882 1075 929 1140 Ac
955 1075 1022 1140 iam
1048 1076 1204 1141 hocloco
1227 1076 1346 1143 nondl

123 1162 312 1227 hortatione
335 1183 440 1245 neque
463 1163 653 1247 praeceptio,
676 1162 734 1227 sed
751 1163 900 1246 precibus
919 1167 1027 1229 tecum
1049 1165 1200 1230 fraternis
1224 1186 1296 1250 ago,

123 1255 232 1316 totum
256 1253 293 1314 ut
316 1251 469 1335 animum,
492 1273 601 1315 curam
625 1252 918 1336 cogitationemque
942 1255 1031 1316 tuam
1053 1275 1158 1337 penas
1177 1254 1210 1318 in
1229 1277 1296 1320 om·

121 1341 216 1404 nium
234 1339 330 1404 laude
349 1339 490 1422 undique
510 1339 701 1425 colligenda
738 1340 829 1416 Quod
849 1342 930 1405 siin
948 1341 1102 1407 mediocri
1125 1346 1213 1408 statu
1232 1365 1295 1407 ser·

122 1429 232 1494 monis
265 1449 302 1492 ac
331 1428 581 1512 praedicationis
611 1432 741 1494 nostrae
764 1451 815 1494 res
838 1433 960 1508 essent,
989 1430 1072 1494 nihil
1095 1431 1153 1496 abs
1176 1436 1209 1496 te
1233 1432 1296 1497 exi·

121 1519 234 1601 mium,
257 1516 341 1580 nihil
364 1520 492 1601 praeter
515 1518 652 1582 alierum
670 1518 936 1583 consuetudinem
954 1520 1188 1603 postularetur:
1210 1541 1296 1585 nunc

120 1628 199 1672 vero
230 1608 364 1690 propter
393 1628 504 1670 earum
531 1628 653 1689 rerum,
684 1607 720 1671 in
747 1608 864 1691 quibus
892 1607 1012 1673 versati
1040 1631 1164 1688 sumus,
1191 1609 1295 1692 splen·

121 1696 233 1760 dorem
253 1698 287 1758 et
304 1694 569 1778 magnitudinem,
586 1695 651 1759 nisi
665 1717 823 1760 summam
842 1696 971 1761 laudem
990 1697 1111 1761 exista
1129 1698 1295 1781 provincia

120 1784 335 1868 assequimur,
357 1785 411 1848 vix
429 1784 574 1849 videmur
597 1806 757 1848 summam
777 1784 1048 1868 vituperationem
1067 1808 1162 1870 posse
1182 1786 1294 1851 vitare.

119 1874 172 1937 Ea
200 1876 315 1937 nostra
344 1872 428 1937 ratio
453 1876 516 1951 est,
543 1876 579 1937 ut
603 1893 714 1937 omnes
738 1873 815 1937 boni
839 1895 912 1937 cum
934 1873 1078 1952 faveant,
1102 1879 1172 1940 tum
1195 1876 1293 1939 etiam

121 1983 254 2026 omnem
282 1983 301 2025 a
328 1961 423 2026 nobis
451 1961 653 2044 diligentiam
682 1961 897 2045 virtutemque
926 1966 958 2025 et
988 1962 1152 2045 postulent
1179 1967 1212 2027 et
1243 1986 1294 2029 er·

121 2053 282 2134 spectent,
310 2071 421 2114 omnes
445 2053 554 2114 autem
578 2050 727 2134 improbi,
752 2050 837 2134 quod
861 2071 934 2113 cum
957 2050 1008 2114 his
1032 2050 1153 2116 bellum
1177 2052 1294 2135 sempi-

119 2142 251 2203 ternum
271 2139 481 2223 suscepimus,
499 2139 550 2203 vel
569 2139 702 2202 minima
720 2160 755 2202 re
774 2139 815 2202 ad
833 2138 1132 2221 reprehendendum
1152 2140 1294 2204 contenti

119 2250 191 2293 esse
215 2228 394 2292 videantur.
1201 2253 1204 2259 ·

113 2362 115 2369 ι
211 2315 327 2398 Quare,
350 2315 503 2400 quoniam
522 2315 679 2380 eiusmodi
697 2317 861 2380 theatrum
885 2316 1020 2382 sortitus
1040 2339 1083 2397 es,
1107 2317 1345 2385 celebritate42

118 2405 380 2487 refertissimum,
398 2404 622 2489 magnitudine
637 2405 881 2489 amplissimum,
898 2405 1017 2471 indicio
1032 2406 1293 2491 eruditissimum,

118 2498 239 2558 natura
270 2497 380 2557 autem
407 2495 454 2558 ita
481 2515 649 2576 resonans,
675 2498 713 2558 ut
741 2515 842 2579 usque
871 2493 1010 2559 Romam
1038 2494 1292 2580 significationes

119 2605 280 2667 vocesque
299 2582 491 2665 referantur,
510 2582 676 2668 contende,
694 2605 822 2667 quaeso,
842 2586 937 2666 atque
952 2585 1092 2667 elabora,
1111 2607 1178 2649 nen
1196 2584 1292 2650 modo

118 2675 157 2735 ut
180 2671 230 2736 his
254 2671 350 2735 rebus
374 2671 492 2757 dignus
517 2671 630 2752 fuisse,
655 2670 711 2735 sed
734 2673 833 2735 etiam
856 2675 893 2735 ut
915 2672 974 2735 illa
997 2672 1108 2736 emnia
1130 2674 1194 2737 tuis
1218 2673 1292 2738 arti·

117 2761 181 2824 bus
207 2781 377 2844 superasse
400 2761 541 2841 videare3
566 2756 664 2845 (XV.)
688 2762 729 2841 et,
753 2760 905 2843 queniam
924 2760 1003 2822 mihi
1022 2781 1115 2825 casus
1134 2761 1292 2825 urbanam
1301 2759 1344 2826 43

116 2850 153 2913 in
180 2849 430 2934 magistratibus
459 2847 773 2913 administrationem
801 2848 849 2911 rei
877 2848 1038 2931 publicae,
1069 2848 1131 2911 tibi
1161 2848 1291 2931 provin-

119 2938 239 3002 cialem
269 2937 370 3021 dedit,
398 2938 426 3001 si
453 2959 526 3001 mea
554 2959 629 3020 pars
656 2936 778 3000 nemini
808 2936 905 3019 cedit,
934 2936 998 3019 fac,
1025 2940 1063 3000 ut
1088 2939 1147 3000 tua
1169 2940 1292 3002 ceteros

116 3028 238 3092 vincat.
289 3023 392 3090 Simul
420 3030 452 3091 et
473 3025 555 3091 illud
578 3025 699 3111 cogita,
726 3045 787 3089 nos
810 3046 877 3088 non
900 3024 939 3088 de
961 3023 1085 3110 reliqua
1108 3028 1142 3089 et
1164 3030 1293 3109 sperata

108 3206 110 3211 ⁴
154 3181 339 3238 XIV.—XVI.
359 3181 477 3248 Seblufs.
733 3183 826 3249 sorum
836 3182 936 3251 populi
950 3181 1208 3252 Romani-quaet
1220 3184 1292 3238 thea-

155 3261 199 3309 40.
232 3252 383 3324 accidebat]
409 3253 456 3306 Sin
477 3253 538 3308 ular
559 3253 599 3308 im
621 3251 678 3307 An-
734 3260 808 3308 tram
825 3254 902 3308 illiue
916 3253 1083 3322 (Hortensii)
1101 3255 1214 3324 iapeaii.
1237 3255 1293 3309 Der

118 3324 229 3381 schluss
244 3342 281 3379 an
295 3325 345 3379 das
358 3325 444 3378 letzte
457 3272 679 3379 dubitantium.
734 3321 885 3393 Vergleioh
893 3322 990 3379 Asiens
999 3325 1053 3377 mit
1060 3325 1151 3379 einem
1159 3326 1293 3382 theatrum

115 3394 681 3466 vgl.§1.DcsImperfectum,weildieia-
734 3393 825 3449 istim
838 3395 907 3464 folg.
922 3394 1135 3463 durchgeffihrt3
1154 3397 1293 3466 sipaifica·

114 3469 210 3523 iwriae
220 3473 268 3522 etc.
279 3466 468 3522 fortwdhrend
479 3466 532 3521 den
541 3465 681 3520 Unwillen
735 3467 821 3520 ticaee
835 3463 897 3520 sind
912 3466 956 3520 die
966 3465 1291 3536 Beifallsbeaeugungen.

116 3540 166 3594 des
186 3537 306 3604 Quintus
326 3539 462 3606 erregten.
498 3536 592 3591 Daher
610 3538 682 3591 auch
735 3567 770 3576 -
789 3536 906 3606 artibus]
934 3542 1007 3591 ames
1032 3537 1196 3591 bezeichnet
1221 3538 1291 3590 anch

116 3609 258 3679 segleich:
283 3608 491 3664 consuetudo
513 3614 539 3663 te
554 3613 613 3677 pat.
631 3609 680 3675 fec.
735 3607 780 3661 die
795 3607 980 3662 moralischen
988 3606 1206 3676 Eigenschaften
1217 3607 1292 3662 eines

115 3712 151 3721 -
167 3680 306 3750 leviorem]
320 3678 405 3733 n'aml,
418 3695 564 3734 samonem
577 3680 681 3734 babuit.
735 3679 893 3733 Menschen.

114 3783 152 3794 --
164 3751 251 3821 ratio]
270 3738 460 3820 ilberlegung,
480 3748 681 3804 Nechdenken.
771 3756 814 3804 43.
833 3766 892 3805 mea
905 3764 975 3818 pare
992 3749 1097 3803 nemini
1111 3778 1144 3788 -
1163 3754 1213 3802 tac
1228 3753 1292 3804 cete·

155 3828 199 3876 41.
222 3823 303 3892 Quod
320 3823 346 3876 si
358 3851 394 3863 -
408 3821 503 3892 esseat]
525 3819 571 3873 ‘Ja
589 3820 679 3873 wenn’
735 3821 792 3891 roc]
813 3821 874 3875 eine
889 3819 953 3873 sehr
966 3819 1062 3888 htufig
1075 3819 1292 3874 vorkommende

116 3910 218 3949 ansere
238 3891 430 3947 Verh‘altnisse
451 3890 560 3960 alltttgl.
580 3895 682 3958 ahten,
736 3888 1291 3959 BrachylogieinVergleichungssatzen,

114 3961 680 4034 dienurwenigvcnsichredenmachten,
736 3961 831 4015 indem
859 3960 908 4013 der
930 3958 1112 4028 Eigenscheft
1139 3960 1187 4015 des
1210 3959 1292 4015 einen

114 4036 184 4091 oder
196 4052 251 4091 von
260 4036 351 4089 denen
360 4033 639 4103 weniglb‘ihmendes
647 4049 680 4086 au
735 4030 944 4100 Gegenstandes
973 4029 1024 4083 der
1050 4029 1153 4085 andere
1182 4030 1291 4100 Gegan-

114 4123 202 4177 sagen
214 4113 298 4161 ware.
313 4107 354 4160 Ia
363 4107 601 4160 taedastaedas.
611 4105 681 4159 stett
736 4102 817 4157 stand
836 4100 923 4155 selbst
940 4102 1198 4171 entgegengestellt
1212 4100 1290 4159 wird.

114 4181 147 4234 in
165 4184 199 4234 st.
218 4179 364 4233 mediocris
380 4193 457 4232 sam.
476 4176 643 4245 Hypallage.
735 4172 843 4228 Tusel,
850 4177 872 4225 1.
880 4177 918 4226 h:
929 4173 994 4225 Iam
1003 4173 1063 4240 illa,
1074 4190 1142 4242 qaae
1150 4173 1290 4244 (Romam

149 4247 355 4318 42.theatram]
368 4246 638 4302 erkl‘artFam.H.5.
651 4251 679 4298 1:
732 4250 850 4311 actara,
873 4259 928 4298 aon
953 4244 1050 4298 litteris
1078 4246 1193 4300 cesenati
1216 4251 1290 4313 aicit,

114 4321 248 4376 excelso
272 4324 302 4374 et
324 4320 463 4374 illustri
481 4318 552 4373 loce
570 4319 625 4371 sita
642 4323 680 4371 est
733 4331 895 4385 nequedum
917 4313 1034 4369 Graecia
1053 4331 1137 4384 aeque
1153 4316 1212 4371 alla
1230 4333 1291 4371 cam

115 4393 179 4447 loca
192 4396 244 4446 tac
257 4391 290 4445 in
304 4391 490 4458 plurimorum
508 4394 533 4443 et
546 4389 679 4443 coaciam
732 4392 810 4455 pente
828 4392 893 4441 susat
911 4386 1082 4453 conferenda.
1110 4417 1143 4427 -
1171 4386 1289 4457 reliqua]

114 4469 140 4518 et
154 4464 257 4519 aviam
272 4467 422 4532 conspecta.
442 4460 506 4530 Vgl.
520 4459 597 4514 Brut.
612 4463 637 4513 2.
648 4465 677 4514 6:
734 4456 878 4528 ‘khnftig’,
895 4457 947 4512 wie
960 4471 1019 4525 spes
1029 4457 1148 4528 reliquae
1158 4458 1291 4528 tranquil·

1045 4545 1081 4600 5*
