2998 4956
521 301 553 367 Q.
571 300 723 356 TULLIUS
742 300 882 357 elenau.
1244 303 1286 367 51

116 467 151 529 ut
178 487 250 530 eum
279 465 366 548 aliis,
394 464 451 529 sed
475 465 512 530 ut
533 468 641 529 tecum
664 465 731 529 iam
755 464 824 548 ipse
847 467 964 550 certes3
992 465 1020 529 si
1044 487 1173 530 omnem
1195 468 1288 531 tuam

115 557 263 638 mentem,
286 575 405 638 euram,
429 554 661 639 cogitationem
685 553 726 617 ad
751 553 936 618 excellentis
959 552 994 618 in
1018 554 1170 619 omnibus
1189 556 1286 619 rebus

114 643 215 708 laudis
245 643 457 726 cupiditatem
484 644 644 707 incitaris:
672 642 754 706 mihi
782 643 887 727 erede,
915 665 998 707 nnus
1029 665 1132 708 annus
1156 642 1286 708 additus

114 732 216 797 labori
235 734 293 796 tuo
313 733 488 796 multorum
507 753 667 796 annorum
685 731 845 795 laetitiam
859 732 964 816 nobis,
982 731 1081 797 immo
1096 754 1172 798 vero
1187 733 1286 797 etiam

115 819 252 904 posteris
275 821 398 885 nostris
422 819 556 884 adferet.
593 819 803 903 Quapropter
825 821 888 885 hoc
910 824 944 884 te
966 821 1108 905 primum
1132 843 1222 906 rogo,
1244 824 1323 888 ne4

115 909 285 974 contrahas
310 930 347 973 aa
371 909 526 974 demittas
548 910 693 973 animum
711 930 793 973 neve
811 913 843 973 te
863 909 966 991 obrui,
988 912 1157 994 tamquam
1175 911 1285 994 fluctu,

114 1000 159 1062 sic
179 997 405 1082 magnitudine
427 997 553 1083 negotii
577 998 680 1081 sinas,
707 1000 884 1082 contraque
906 1002 934 1062 te
957 998 1066 1083 erigas
1090 1020 1128 1063 ac
1150 999 1286 1064 resistas

115 1086 179 1150 sive
202 1088 300 1151 etiam
324 1088 411 1151 ultro
430 1109 580 1151 occurras
597 1086 749 1171 negotiis.
778 1085 893 1172 Neque
912 1088 999 1150 enim
1019 1088 1086 1151 eius
1106 1086 1194 1152 modi
1212 1109 1285 1168 par·

113 1179 175 1239 tem
198 1176 246 1239 rei
269 1175 419 1259 publicae
441 1176 541 1260 geris,
564 1176 599 1239 in
623 1197 687 1260 qua
710 1175 843 1240 fortuna
866 1175 1059 1258 dominetur,
1082 1176 1139 1239 sed
1162 1177 1197 1240 in
1221 1196 1286 1259 qua

112 1265 286 1347 plurimum
304 1264 388 1328 ratio
407 1265 513 1348 possit
530 1268 564 1327 et
582 1263 758 1348 diligentia.
786 1264 878 1340 Quod
898 1265 927 1328 si
941 1265 1001 1328 tibi
1015 1264 1139 1328 bellum
1153 1264 1286 1348 aliquod

114 1374 266 1437 magnum
297 1357 330 1417 et
356 1352 575 1436 periculosum
603 1352 846 1417 administranti
873 1356 1087 1438 prorogatum
1114 1354 1287 1436 imperium

113 1442 264 1525 riderem,
293 1445 465 1506 tremerem
494 1442 617 1524 animo,
645 1441 730 1525 quod
760 1442 873 1507 eodem
897 1448 1044 1525 tempore
1068 1464 1138 1506 esse
1161 1442 1287 1506 intelle·

112 1551 216 1615 gerem
236 1530 337 1594 etiam
355 1530 506 1595 fortunae
525 1534 722 1613 potestatem
740 1529 776 1594 in
790 1552 849 1595 nos
863 1535 1088 1614 prorogatam:
1106 1552 1193 1595 nuno
1207 1531 1320 1599 ver05

112 1640 147 1683 ea
168 1641 244 1701 pars
268 1620 331 1683 tibi
353 1620 402 1682 rei
423 1619 575 1703 publicae
598 1619 771 1685 commissa
789 1623 849 1705 est,
870 1620 906 1683 in
925 1642 989 1704 qua
1007 1623 1064 1683 aut
1081 1619 1208 1684 nullam
1228 1624 1285 1683 aut

112 1709 318 1793 perexiguam
350 1711 479 1791 partem
508 1707 642 1773 fortuna
668 1712 760 1772 tenet
787 1712 821 1773 et
848 1731 930 1792 quae
959 1708 1040 1772 mihi
1066 1712 1138 1773 tota
1165 1708 1200 1773 in
1226 1712 1284 1773 tua

112 1797 227 1861 virtute
251 1819 290 1861 ao
313 1797 534 1862 moderatione
558 1797 658 1860 animi
680 1797 791 1880 posita
814 1818 885 1861 esse
909 1797 1066 1862 videatur.
1098 1796 1224 1881 Nullas,
1247 1801 1284 1862 ut

113 1886 233 1968 opinor,
256 1885 396 1949 insidias
419 1886 573 1969 hostium,
595 1886 721 1949 nullam
744 1884 860 1968 proelii
883 1885 1136 1968 dimicationem,
1159 1886 1283 1952 nullam

112 1973 322 2038 detectionem
350 1975 525 2058 sociorum,
557 1975 682 2038 nullam
708 1974 854 2057 inopiam
883 1974 1037 2058 stipendii
1065 1976 1122 2037 aut
1146 1974 1193 2038 rei
1216 1974 1283 2037 fru-

111 2062 300 2147 mentariae,
332 2064 457 2127 nullam
485 2062 678 2127 seditionem
706 2063 865 2127 exercitus
896 2062 1168 2147 pertimescimus3
1202 2084 1284 2147 quae

111 2173 260 2235 persaepe
295 2151 547 2235 sapientissimis
579 2151 658 2215 viris
691 2151 891 2234 acciderunt,
926 2155 975 2235 ut,
1013 2149 1284 2235 quemadmodum

114 2240 345 2324 gubernatores
365 2241 481 2324 optimi
500 2240 566 2305 vim
584 2241 801 2324 tempestatis,
823 2241 870 2305 sic
888 2241 939 2304 illi
956 2240 1107 2304 fortunae
1126 2239 1284 2324 impetum

112 2350 258 2412 superare
283 2350 351 2392 non
372 2333 519 2413 possent.
550 2329 626 2393 Tibi
644 2329 722 2393 data
741 2333 791 2393 est
811 2352 936 2395 summa
954 2351 1028 2413 pax,
1051 2350 1179 2393 summa
1197 2331 1284 2392 tran-

112 2418 266 2501 quillitas,
295 2417 342 2481 ita
365 2423 490 2501 tamen,
517 2421 615 2482 ntea
639 2418 852 2483 dormientem
877 2419 1130 2503 gubernatorem
1153 2417 1204 2482 vel
1228 2418 1282 2483 ob·

110 2527 211 2589 ruere,
244 2507 438 2590 vigilantem
472 2506 570 2571 etiam
602 2506 762 2572 delectare
793 2507 906 2591 possit.
958 2505 1097 2572 Constat
1132 2507 1217 2571 enim
1246 2508 1318 2571 ea6

112 2595 278 2676 provincia
295 2595 437 2679 primum
457 2618 495 2659 ex
515 2617 553 2659 eo
572 2616 689 2679 genere
704 2596 874 2680 sociorum,
892 2596 979 2680 quod
994 2599 1046 2659 est
1059 2616 1098 2659 ex
1111 2595 1281 2659 hominum

111 2684 193 2747 omni
217 2705 336 2768 genere
359 2684 646 2766 humanissimum,
669 2684 783 2749 deinde
807 2706 846 2749 ex
870 2706 907 2749 eo
932 2704 1048 2768 genere
1071 2685 1202 2767 civium,
1225 2683 1282 2768 qui

112 2775 177 2855 aut,
201 2772 290 2857 quod
313 2772 480 2856 publicani
503 2776 589 2855 sunt,
612 2794 672 2837 nos
696 2795 823 2837 summa
846 2771 1081 2838 necessitudine
1105 2772 1282 2857 attingunt,

110 2864 171 2944 aut,
194 2861 283 2946 quod
306 2861 354 2925 ita
377 2861 599 2945 negotiantur,
620 2866 658 2926 ut
675 2861 854 2945 locupletes
874 2862 950 2944 sint,
972 2860 1077 2924 nostri
1096 2861 1282 2923 consulatus

109 2946 262 3014 beneficio
288 2972 322 3014 se
345 2951 522 3015 incolumes
545 2951 695 3014 fortunas
719 2950 839 3014 habere
863 2950 1071 3014 arbitrantur.

109 3209 150 3247 wo
178 3194 223 3249 die
245 3195 416 3265 Bedeutnng
444 3194 504 3249 sich
532 3211 582 3248 ans
606 3195 669 3249 dem
725 3194 841 3250 Satzteil
869 3195 979 3250 enth‘tlt
1006 3195 1068 3251 eine
1096 3196 1285 3266 Behauptung

110 3264 370 3334 Zusammenhange
389 3266 507 3336 ergiebt.
522 3298 555 3305 —
570 3268 668 3334 tecum]
723 3281 780 3321 von
799 3269 887 3320 etwas
906 3266 1035 3321 wirlrlieh
1053 3266 1284 3336 Existierendem‚

109 3335 159 3389 mit
176 3336 237 3391 sich
257 3336 360 3406 selbst,
379 3337 436 3404 der,
456 3337 508 3391 wie
527 3335 572 3390 die
591 3338 670 3391 Mah·
723 3337 812 3418 daher
830 3337 880 3418 der
893 3337 1044 3420 Indikativ,
1064 3339 1112 3391 der
1126 3338 1226 3393 aweite
1239 3339 1285 3421 ein

109 3410 262 3558 sitast?
286 3408 577 3548 lllltalatlallt
594 3408 670 3532 :la
724 3408 1285 3548 :tiltltiltttstlattas

111 3562 197 3603 amem
212 3553 301 3619 guten
315 3549 387 3602 Rufe
403 3568 437 3603 zu
451 3550 573 3617 streben‚
587 3550 669 3618 zeigt,
724 3555 774 3603 der
792 3548 975 3619 Konjunktiv.
991 3581 1025 3590 -
1039 3555 1071 3603 ot
1089 3550 1199 3620 opinor]
1220 3550 1247 3603 S.
1262 3569 1283 3604 z.

110 3620 157 3673 auf
173 3621 288 3690 einigen
302 3620 438 3675 Gebieten
455 3620 551 3675 diesen
564 3619 668 3675 bereits
724 3621 758 3675 II.
778 3626 822 3675 26.
836 3627 861 3675 3.

109 3692 259 3746 erworben.
761 3697 785 3746 6.
800 3691 947 3762 sociorum]
965 3690 1123 3746 Asiatisohe
1138 3689 1284 3746 Grieohen.

143 3768 166 3815 4.
187 3763 334 3818 contradas
352 3779 386 3816 ac
404 3763 483 3833 olem]
503 3760 591 3815 Nicht
609 3768 669 3828 act,
724 3794 758 3803 —
772 3780 878 3817 summa
891 3762 1100 3833 neemaitcde'oe]
1115 3762 1167 3815 Die
1178 3761 1285 3815 Staats·

109 3833 171 3886 weil
194 3839 280 3889 contr.
305 3850 338 3887 ao
356 3834 423 3887 dem.
443 3849 605 3888 zusammen
624 3832 669 3887 ein
723 3834 841 3901 p'aohter
859 3834 1005 3903 gehbrten‚
1024 3834 1076 3888 wie
1091 3834 1164 3886 auch
1179 3830 1284 3900 Cicero,

110 3899 188 3957 Glied
207 3904 314 3972 bilden,
333 3920 365 3958 so
384 3904 446 3959 dass
466 3919 496 3958 as
514 3903 594 3958 nicht
608 3904 668 3958 drei
723 3903 789 3957 dem
811 3903 1003 3957 Ritterstande
1027 3918 1076 3969 an,
1100 3903 1163 3956 dem
1188 3902 1284 3958 Cicero

110 3974 152 4039 (ae
170 4005 204 4014 -
223 3993 257 4031 ac
274 4006 309 4015 -
327 3978 416 4043 nere),
447 3977 569 4029 sondern
600 3975 668 4029 zwei
723 3973 783 4028 sich
802 3975 902 4028 immer
920 3974 1035 4043 geneigt
1053 3975 1111 4028 und
1131 3977 1284 4043 entgegen·

110 4041 220 4100 Glieder
239 4050 292 4116 (ne,
310 4063 344 4101 cc
362 4077 396 4086 -
414 4049 489 4115 neve)
508 4045 578 4100 sind.
617 4047 668 4100 Be·
721 4045 874 4099 kommend
901 4044 1044 4099 erwiesen.
1086 4044 1117 4098 In
1145 4046 1209 4099 dem
1237 4046 1284 4099 be-

110 4115 190 4170 achte
219 4119 273 4171 den
301 4114 507 4187 gleiehartigen
532 4118 590 4171 Bau
618 4116 668 4170 der
722 4116 879 4170 deutenden
899 4114 1036 4170 Einflusse
1055 4113 1146 4170 dieses
1164 4115 1284 4170 Standes

110 4184 208 4242 beiden
231 4187 310 4242 Teile
334 4188 383 4241 der
400 4187 518 4242 Periode
541 4188 599 4241 und
622 4188 667 4242 die
723 4188 822 4241 suchte
846 4203 876 4240 er
900 4187 1002 4240 Sohutz
1024 4201 1117 4256 gagen
1135 4186 1284 4242 Nachstel-

111 4256 322 4328 gleiohm'assige
341 4257 510 4329 Steigerung
528 4257 578 4312 der
596 4256 668 4312 Ans·
722 4257 827 4327 langen
853 4259 902 4311 der
921 4257 1100 4312 Catilinarier
1117 4259 1175 4312 und
1193 4274 1284 4329 gegen

110 4325 211 4384 drdeke
248 4330 278 4384 in
315 4330 424 4385 beiden.
451 4360 485 4370 -
508 4330 667 4400 contraque]
723 4330 800 4383 seine
823 4331 880 4383 und
898 4328 952 4401 'des
977 4328 1094 4383 donatas
1117 4329 1230 4385 Feinde.
1251 4359 1283 4370 -

111 4395 137 4451 S.
155 4418 177 4455 n.
196 4406 211 4466 ξ
228 4407 260 4456 19
279 4418 314 4456 ne
333 4431 365 4441 -
385 4402 493 4470 quidem
511 4417 552 4455 uc.
718 4401 797 4469 publ.
823 4431 856 4469 ·.·
884 4399 1076 4470 negotiantur]
1107 4399 1133 4456 S.
1159 4420 1181 4455 a.
1208 4407 1223 4466 ς
1252 4404 1286 4453 15

146 4475 168 4524 5.
195 4477 267 4528 tenet
286 4504 319 4513 -
338 4472 477 4542 uideatur]
511 4471 567 4525 Der
595 4473 669 4527 erate
719 4473 914 4541 provinciales.

1034 4560 1071 4612 4*
