2998 4956
534 297 565 363 Q.
584 297 736 353 TULLIUS
756 296 893 356 CICERO.
1253 299 1296 364 69

124 459 189 525 Sed
214 480 290 544 ego,
321 461 409 543 quia,
439 482 512 525 cum
535 463 592 524 tua
614 461 703 545 lego,
730 465 763 526 te
787 461 911 543 audire,
934 464 966 525 et
989 461 1077 545 quia,
1104 484 1178 527 cum
1200 463 1242 528 ad
1263 466 1296 527 te

123 549 248 631 scribo,
275 553 382 613 tecum
410 549 501 634 loqui
527 549 652 633 videor,
679 550 798 615 idcirco
822 555 855 614 et
876 554 933 614 tua
955 549 1147 635 longissima
1170 573 1296 636 quaque

123 638 268 723 epistula
303 639 443 702 maxime
481 639 622 702 delector
659 641 691 702 et
726 638 797 721 ipse
828 640 865 703 in
896 639 1066 704 scribendo
1098 662 1169 704 sum
1201 661 1296 724 saepe

123 727 268 812 longior.
300 725 387 792 Illud
409 730 441 790 te
465 727 506 791 ad
529 729 707 791 extremum
731 730 765 791 et
787 749 844 792 oro
865 731 897 792 et
915 728 1038 811 hortor,
1060 731 1105 812 ut,
1126 733 1294 813 tamquam
1303 727 1346 793 46

122 819 241 900 poetae
266 816 344 880 boni
367 819 399 880 et
422 819 546 880 actores
565 815 718 880 industrii
736 816 852 899 solent,
869 816 916 881 sic
933 819 971 880 tu
988 817 1023 880 in
1042 820 1185 882 extrema
1202 821 1294 902 parte

124 908 158 969 et
173 904 394 969 >conclusione
421 905 563 968 muneris
592 926 629 970 ac
656 905 779 989 negotii
806 905 856 969 tui
878 905 1147 989 diligentissimus
1171 907 1231 989 sis,
1259 910 1297 971 ut

121 993 178 1057 hic
206 993 324 1058 tertius
352 1014 456 1057 annus
479 992 607 1077 imperii
629 994 677 1057 tui
700 997 866 1078 tamquam
889 995 1007 1059 tertius
1029 1000 1115 1060 actus
1133 995 1297 1078 perfectis·

124 1083 228 1146 simus
251 1086 349 1167 atque
373 1081 599 1146 ornatissimus
627 1081 729 1147 fuisse
751 1082 906 1148 videatur.
951 1082 991 1146 Id
1012 1082 1165 1148 facillime
1187 1084 1296 1167 facies,

123 1171 153 1235 si
176 1193 242 1254 me,
271 1170 323 1235 cui
347 1192 474 1254 semper
496 1171 553 1235 uni
575 1171 680 1256 magis
703 1193 799 1256 quam
822 1172 982 1236 universis
1005 1173 1133 1255 placere
1156 1173 1296 1255 voluisti,

122 1265 231 1324 tecum
263 1280 391 1342 semper
421 1280 491 1323 esse
519 1260 650 1343 putabis
674 1263 706 1323 et
729 1260 879 1324 omnibus
902 1260 943 1325 iis
966 1261 1076 1345 rebus,
1107 1283 1186 1347 quas
1209 1261 1295 1326 dices

123 1350 158 1412 et
181 1347 297 1432 facies,
324 1347 489 1413 interesse.
535 1348 707 1432 Reliquum
731 1352 795 1433 est,
816 1355 853 1414 ut
875 1352 909 1414 te
933 1371 1037 1432 orem,
1060 1354 1097 1415 ut
1119 1350 1296 1416 valetudini

122 1442 214 1522 tuae,
239 1437 267 1501 si
295 1457 346 1501 me
375 1440 408 1501 et
435 1439 508 1502 tuos
533 1458 643 1501 omnes
667 1439 772 1502 valere
795 1439 859 1523 vis,
889 1438 1136 1523 diligentissime
1166 1440 1294 1503 servias.

120 1525 216 1592 Vale.

569 1737 746 1804 Errsruun
768 1738 854 1804 XIX.

601 1859 645 1928 (o.
663 1859 696 1914 fr.
716 1860 750 1915 11.
772 1862 826 1930 12.)

383 1981 531 2038 MARCUS
552 1981 689 2048 QUINTO
709 1984 843 2038 FRATRI
862 1983 1040 2039 SALUTEM.

216 2109 306 2175 Duas
338 2109 441 2174 adhuc
475 2132 495 2174 a
521 2112 553 2173 te
584 2111 694 2194 accepi
727 2112 896 2197 epistulas,
929 2133 1064 2196 quarum
1098 2112 1231 2175 alteram
1262 2110 1330 2174 inl

121 2201 196 2284 ipso
228 2199 371 2264 discessu
400 2202 529 2283 nostro,
561 2199 698 2264 alteram
727 2202 876 2265 Arimino
907 2200 1029 2264 datam:
1060 2200 1185 2284 plures,
1217 2220 1297 2283 quas

122 2288 240 2353 scribis
267 2292 300 2351 te
329 2287 469 2369 dedisse,
500 2310 566 2352 non
598 2309 794 2372 acceperam.
846 2288 920 2376 Ego
950 2311 1002 2354 me
1030 2289 1064 2352 in
1093 2286 1238 2353 Cumano
1266 2291 1299 2351 et

121 2377 334 2461 Pompeiano,
357 2381 583 2459 praeterquam
606 2379 690 2461 quod
714 2379 843 2461 sinete,
866 2381 1007 2443 ceterum
1031 2378 1111 2443 satis
1131 2375 1297 2442 commode

123 2466 332 2531 oblectabam
364 2469 398 2529 et
428 2487 515 2529 eram
545 2466 580 2530 in
612 2466 726 2531 iisdem
755 2468 837 2533 locis
868 2489 969 2552 usque
1000 2467 1041 2532 ad
1070 2465 1142 2531 Kal.
1185 2465 1297 2530 Iunias

122 2555 262 2619 futinus.
300 2552 487 2618 Scribebam
505 2554 577 2637 illa,
600 2576 681 2639 quae
701 2556 853 2639 dixeram,
875 2553 1037 2639 cellalad,
1061 2557 1201 2639 spissum
1220 2576 1298 2620 sane

123 2666 207 2728 opus
231 2647 265 2708 et
289 2642 575 2727 operosum31ed,
605 2645 633 2707 si
657 2666 696 2708 ex
720 2645 882 2709 sententia
906 2644 1108 2726 successerit,
1131 2645 1212 2709 bene
1236 2644 1298 2707 erit

123 2754 227 2818 opera
249 2732 365 2816 posita,
389 2732 440 2795 sin
462 2732 579 2816 minus,
602 2733 636 2795 in
659 2732 739 2797 illud
761 2734 869 2817 ipsum
892 2755 981 2798 mare
1005 2732 1186 2810 deiciemus,
1210 2730 1296 2814 quod

123 2824 309 2906 spectantes
329 2821 516 2885 scribimus:
531 2816 766 2905 'aggrediemur
785 2822 858 2905 alia,
876 2822 1030 2905 quoniam
1049 2821 1212 2903 quiescere
1231 2841 1297 2883 non

121 2932 308 2995 possumus.

216 2999 288 3063 Tua
314 2998 468 3062 mandata
494 3018 669 3082 persequar
693 2998 866 3083 diligenter
889 3002 922 3062 et
943 2999 979 3062 iu
1002 2996 1214 3081 adiungendis
1238 2995 1330 3062 hoa

123 3264 165 3316 ist
191 3262 232 3316 im
260 3262 353 3316 ersten
381 3262 461 3316 Satze
490 3260 620 3331 Subjekt,
647 3262 687 3316 im
743 3261 861 3328 Quintus
884 3262 956 3318 eben
977 3279 1033 3318 von
1050 3263 1123 3316 Rom
1140 3260 1213 3315 nach
1231 3258 1299 3313 Gal·

123 3330 245 3388 aweiten
265 3331 376 3401 Objelrt.
740 3333 799 3388 lien
817 3352 849 3387 zu
868 3332 954 3389 CAsar
971 3351 1117 3403 gegangen
1136 3348 1201 3386 war.

161 3409 205 3459 46.
234 3404 331 3458 tertias
354 3404 444 3474 aetus]
470 3403 526 3458 Das
549 3402 688 3459 romische
778 3411 801 3458 1.
817 3422 861 3475 qu.
874 3405 1001 3476 alteram]
1015 3404 1100 3458 ntml.
1111 3404 1210 3472 accepi.
1222 3433 1250 3442 -
1268 3403 1301 3456 iu

122 3475 232 3530 Drama
249 3475 330 3528 hatte
349 3473 426 3527 funf
439 3475 521 3541 Akte,
542 3475 628 3529 allein
646 3475 688 3529 in·
741 3477 802 3545 ipso
829 3478 896 3531 dise.
924 3477 964 3548 aa]
1000 3473 1199 3530 ‘unmittelbar
1226 3473 1299 3527 nach

126 3547 193 3601 dem
213 3545 269 3600 Cic.
287 3543 333 3599 die
352 3544 414 3600 drei
431 3545 515 3600 Jahre
533 3545 583 3600 des
603 3545 687 3612 Quin·
742 3562 855 3602 unserer
883 3547 1055 3617 Trennung’.
1090 3577 1122 3585 -
1155 3542 1296 3612 Arimino]

122 3620 170 3672 tus
195 3617 237 3671 als
263 3618 366 3671 ebenso
384 3617 457 3671 viele
475 3617 550 3670 Akte
568 3617 688 3685 ansieht,
742 3616 861 3685 Rimini,
886 3618 932 3673 die
955 3619 1028 3673 erste
1048 3615 1130 3670 Stadt
1148 3615 1179 3669 in
1198 3614 1297 3669 Otsars

123 3704 184 3742 war
204 3687 255 3742 das
274 3687 359 3742 dritte
373 3686 442 3741 Jahr
461 3686 510 3741 der
528 3687 613 3742 dritte
627 3688 685 3742 und
738 3687 865 3743 Provinz.
881 3720 914 3730 -
935 3688 1057 3744 Cumano
1075 3693 1101 3742 et
1117 3683 1297 3754 Pompeiano]

123 3758 172 3812 ffir
191 3758 312 3824 Quintus
335 3759 384 3813 der
402 3758 485 3813 letzte
504 3759 569 3813 Art.
608 3757 684 3813 ‘Ter
739 3760 806 3814 zwei
828 3759 991 3831 Landgiiter
1009 3757 1128 3813 Ciceros.
1163 3755 1228 3809 *Das
1247 3753 1299 3808 (lu-

123 3830 199 3884 tium
212 3847 316 3884 annum
329 3826 442 3898 imperii
456 3829 536 3898 quasi
554 3828 685 3883 ultimum
738 3847 853 3884 manum
866 3832 914 3900 lag
927 3832 958 3885 in
972 3830 1021 3884 der
1032 3828 1111 3883 Nahe
1126 3843 1180 3881 von
1195 3827 1299 3881 Cumae

125 3902 221 3954 aetum
240 3900 270 3953 in
284 3899 381 3954 fabula
394 3898 506 3969 accipit,
526 3900 637 3969 quando
656 3901 686 3954 in
738 3902 797 3953 und
815 3903 958 3970 gewithrte
973 3901 1017 3954 die
1031 3898 1164 3954 Aussicht
1181 3895 1233 3950 auf
1248 3895 1294 3951 die

123 3970 371 4026 administratione
390 3970 550 4040 provinciae
569 3970 685 4026 ultimus
738 3971 827 4026 Kfiste
850 3972 907 4026 und
929 3973 980 4027 das
998 3970 1088 4036 Meet,
1114 3970 1163 4023 das
1182 3967 1297 4037 Pompe-

124 4046 177 4098 est.
199 4041 250 4110 Sit,
274 4042 379 4111 inquit,
402 4041 444 4096 ita
462 4041 577 4097 ultimus
596 4059 684 4097 annus
736 4042 836 4112 janum
853 4042 901 4112 lag
915 4042 954 4097 im
969 4040 1085 4096 Gebiete
1099 4056 1155 4095 von
1169 4038 1298 4109 Pompeji

122 4116 155 4169 in
172 4112 322 4184 provincia
338 4112 492 4183 perfectus,
510 4116 543 4166 ut
561 4114 604 4167 est
622 4112 687 4168 ulti·
742 4111 772 4166 in
801 4111 979 4182 campanieu.
1008 4144 1041 4153 —
1078 4108 1219 4181 πολιτικά]
1253 4109 1299 4164 die

124 4204 189 4240 mus
208 4186 288 4240 actus
306 4184 336 4238 in
354 4182 471 4238 fabula?
509 4184 616 4238 Manat.
742 4184 851 4238 Bucher
874 4186 906 4239 de
928 4202 957 4239 re
979 4184 1098 4254 publicu.
1119 4213 1152 4223 —
1171 4183 1235 4237 oeae
1248 4195 1299 4250 po·

741 4256 808 4326 sita]
829 4253 881 4309 wie
898 4256 1032 4325 pecunias
1046 4256 1110 4309 bene
1123 4270 1233 4323 ponere,
1252 4252 1298 4307 ein

160 4326 253 4382 Errsu.
273 4324 347 4380 XIX.
370 4331 442 4395 (700.
462 4328 516 4395 54.)
538 4324 594 4379 Der
612 4323 691 4378 Brief
741 4324 857 4394 Kapital
876 4329 927 4396 gut
945 4327 1073 4395 anlagen.

124 4399 164 4453 ist
182 4399 223 4451 im
243 4395 303 4451 Mai
320 4397 512 4466 geschrieben,
531 4395 573 4449 als
593 4392 688 4449 Cicero
778 4404 803 4451 2.
836 4397 1020 4467 adiunpecdis
1052 4427 1085 4437 -
1117 4411 1174 4451 nou
1203 4394 1298 4464 ulica]

124 4469 177 4525 auf
198 4467 298 4526 seiuen
315 4467 495 4538 Landgfitern
514 4466 607 4520 weilte
630 4465 688 4519 und
743 4465 839 4523 Cicero
862 4467 958 4524 wollte
983 4469 1028 4523 die
1050 4467 1177 4523 Freunde
1200 4466 1299 4522 casare
